2850 4792
441 182 504 227 92

503 305 658 355 elassis
693 304 960 353 Graecorum
999 299 1118 348 bello
1165 297 1348 347 Persico
1389 300 1483 348 viii.

509 373 614 417 181.
631 368 708 415 diu
729 366 840 413 Deli
859 372 1070 421 moratus,
1093 364 1276 411 Samum
1301 364 1485 425 navigat

505 434 570 481 ix.
593 436 862 480 911—92..et
883 434 961 477 96.
983 430 1038 477 ad
1057 427 1273 488 Mycalen
1293 426 1483 475 feliciter

506 503 678 560 pugnat
696 496 758 541 ix.
777 500 840 543 98
873 508 992 555 seqq.
1024 494 1070 537 in
1085 492 1200 539 bello
1221 491 1481 539 Thessalico

505 561 707 625 pecuniis
720 564 969 618 corruptus,
992 557 1162 619 Tegeae
1182 556 1288 603 exul
1307 557 1400 602 obit
1419 558 1483 603 vi.

507 622 766 672 'iz—tilius
786 626 882 683 ejus
903 620 1213 676 Zeuxidemus,
1233 619 1326 667 filia
1343 618 1481 667 Lam-

505 690 614 751 pito,
639 702 777 748 nepos
799 685 1095 731 Archidamus
1115 685 1173 731 vi.
1199 688 1274 735 71.

446 750 758 812 Leotychides,
781 750 992 797 Anaxilai
1011 748 1072 795 fil.
1093 749 1184 796 viii.
1213 750 1320 795 181.

442 816 702 877 Lepidotus,
721 809 905 877 piscium
927 828 1072 875 genus
1092 813 1138 858 in
1160 812 1272 859 Nilo
1293 812 1340 859 ii.
1356 815 1435 860 72.

405 886 413 903 ¹
440 880 685 942 Lepreum,
725 894 829 940 opp.
861 878 1121 939 Minyarum
1153 879 1212 925 iv.
1251 880 1355 925 148.
1389 875 1485 923 Le-

503 952 657 1007 pratae,
691 944 748 991 ad
780 942 976 990 Plataeas
1007 943 1054 988 in
1087 942 1182 987 acie
1214 940 1481 988 Graecorum

506 1010 570 1055 ix.
592 1013 670 1055 28.

442 1071 671 1134 Leprosos
690 1062 1000 1118 abominantur
1020 1068 1174 1117 Persae
1195 1070 1226 1116 i.
1255 1071 1361 1116 138.

443 1136 598 1199 Lepus
617 1151 676 1183 ex
695 1144 812 1195 equa
841 1142 974 1182 natus
1005 1136 1082 1181 vii.
1115 1137 1193 1184 57.
1220 1134 1386 1196 leporis
1415 1131 1483 1179 fe-

506 1201 710 1247 cunditas
729 1201 789 1246 iii.
818 1203 919 1246 108.

447 1264 606 1319 Leros,
626 1264 712 1312 ins.
733 1279 778 1309 v.
805 1265 913 1310 125.

443 1328 620 1377 Lesbus
641 1330 727 1374 ins.
750 1328 778 1373 i.
819 1332 922 1374 160.
946 1328 1016 1375 H.
1045 1331 1122 1375 38.
1147 1326 1342 1387 quinque
1362 1325 1407 1372 in
1429 1338 1485 1371 ea

431 1404 436 1417 ¹
507 1394 712 1440 civitates
749 1390 1034 1439 AEolensium
1077 1393 1108 1442 i.
1160 1396 1264 1437 151.
1315 1389 1485 1436 incolas

501 1456 712 1519 indagine
732 1456 904 1503 cinctos
934 1456 1114 1517 capiunt
1136 1454 1290 1502 Persae
1310 1455 1372 1501 vi.
1403 1458 1484 1501 31.

578 1520 730 1567 Lesbii
777 1522 940 1582 proelio
981 1520 1127 1567 navali
1167 1534 1194 1566 a
1245 1518 1485 1579 Polycrate

501 1586 608 1634 victi
629 1585 798 1633 fossam
829 1586 944 1632 circa
967 1584 1089 1648 Sami
1109 1598 1287 1631 murum
1307 1584 1487 1629 fodiunt

503 1652 565 1697 iii.
601 1655 684 1698 39.

437 1714 612 1763 leucas
654 1716 724 1763 H.
743 1714 790 1762 6.
823 1717 868 1765 7.
900 1712 1128 1768 Leucadii,
1159 1712 1358 1761 Doricus
1375 1713 1497 1773 pop.'

501 1793 560 1827 ex
582 1778 822 1839 Corintho,
845 1786 937 1826 tres
953 1793 1090 1825 naves
1111 1778 1166 1823 ad
1192 1777 1481 1823 Artemisium

497 1844 686 1890 mittunt
705 1844 797 1890 viii.
817 1848 898 1891 45.
917 1847 998 1892 47.
1017 1843 1072 1890 ad
1095 1841 1290 1895 Plataeas,
1307 1842 1352 1887 in
1387 1840 1484 1887 acie

505 1909 774 1955 Graecorum
797 1908 858 1953 ix.
882 1910 960 1954 28.

419 1970 592 2028 Leuce
633 1979 747 2025 acte,
790 1972 931 2023 Λευκὴ
961 1971 1110 2022 Ἆπιν-ἦ,
1154 1969 1188 2015 ι’.
1227 1983 1265 2015 e.
1305 1968 1481 2015 Candi-

502 2037 619 2083 dum
639 2036 820 2087 Lectus,
843 2033 1048 2080 'I'hraeiae
1069 2033 1144 2079 vii.
1161 2036 1241 2079 25.

431 2098 633 2154 Leucon,
656 2110 759 2160 opp.
786 2097 957 2145 Africae
975 2098 1036 2143 iv.
1062 2100 1168 2144 160.

433 2162 737 2225 Leutychides
755 2162 848 2209 vid.
870 2160 1186 2223 Leotychides.

434 2228 536 2275 Lex
559 2228 757 2274 omnium
774 2241 871 2286 rex,
903 2230 1028 2287 νὸμος
1047 2228 1216 2275 πάντων
1244 2224 1481 2285 bacchide,

503 2292 642 2338 Pina.
660 2292 722 2339 iii.
743 2296 822 2341 88.
859 2292 920 2355 cf.
955 2290 1030 2336 vii.
1065 2294 1166 2345 104,
1193 2294 1265 2337 19.
1287 2290 1375 2337 vid.
1397 2306 1479 2335 m·

389 2399 400 2409 ,
493 2370 590 2417 pra
613 2354 765 2419 Leges
779 2354 1098 2402 memorabiles.

431 2419 610 2474 Lusum,
629 2436 656 2467 a
678 2420 835 2481 Libya,
858 2419 1047 2465 muliere
1064 2416 1292 2479 indigena,
1315 2432 1481 2465 nomen

505 2484 680 2531 invenit
711 2486 856 2532 iv.45.
894 2483 1282 2543 circumnavigata
1319 2483 1382 2528 iv.
1415 2488 1479 2530 42

447 2582 454 2587 -
497 2564 590 2610 seq.
613 2562 707 2596 non
739 2556 831 2611 tam
864 2548 1028 2595 fertilis
1058 2560 1192 2607 quam
1214 2546 1400 2607 Europa
1434 2554 1483 2593 et

492 2614 607 2661 Asia
647 2614 710 2661 iv.
735 2608 852 2661 ⁸198.
885 2610 998 2657 Nilo
1040 2610 1090 2657 fl.
1129 2610 1175 2657 ii.
1208 2612 1280 2660 16.
1308 2610 1374 2657 iv.
1403 2613 1483 2659 45.

498 2686 652 2725 scunt
667 2678 904 2725 Herodoto
925 2679 1084 2737 potius
1103 2677 1301 2729 videtur,
1323 2674 1480 2737 AEgy-

421 2785 424 2787 ,
495 2743 603 2804 ptiis
631 2743 858 2789 montibus
883 2736 930 2787 is.
971 2745 1040 2790 17.
1085 2746 1134 2786 et
1163 2736 1300 2785 Casio
1333 2739 1481 2800 Syriae

495 2814 652 2855 monte
693 2807 747 2853 ab
787 2806 898 2853 Asia
929 2803 1232 2852 disterminata
1280 2804 1325 2849 ii.
1373 2809 1481 2852 158.

495 2878 690 2932 quatuor
711 2871 920 2917 nationes
933 2884 1031 2916 eam
1047 2869 1250 2915 incolunt
1267 2881 1280 2910 t
1313 2868 1479 2914 AEtki·

421 2954 425 2963 ·
498 2950 616 2997 opes,
639 2950 798 2981 versus
818 2934 1046 2981 meridiem
1065 2934 1150 2995 (cf.
1167 2932 1230 2977 iii.
1253 2935 1358 2979 114.
1381 2933 1481 2979 coll.

499 3000 546 3045 ii.
587 3000 668 3046 29.
691 2999 753 3045 iii.
778 3002 851 3046 17.
881 3004 938 3045 ·et
967 2998 1029 3044 iv.
1056 2994 1182 3056 138.)
1215 2994 1393 3041 Lurns
1424 2996 1483 3042 ad

477 3063 877 3125 septemtrionem,
898 3062 1152 3123 indigenae3
1177 3067 1224 3105 et
1241 3059 1481 3109 Phoenices

496 3134 544 3176 et
566 3126 736 3185 Graeci,
759 3127 944 3187 advenae
964 3127 1025 3172 iv.
1051 3128 1156 3173 197.
1181 3125 1244 3186 cf.
1263 3124 1312 3169 ii.
1337 3126 1483 3172 32.»oe

495 3193 558 3239 iv.
599 3194 703 3241 159.
738 3206 884 3253 supra
913 3192 1081 3252 Libyes
1113 3190 1355 3236 Nomades
1386 3188 1482 3236 fera

499 3255 652 3318 Libya
685 3262 770 3312 est,
796 3262 821 3309 ἦ
842 3254 1060 3317 θηριώδης
1086 3254 1304 3311 Aspim&
1332 3267 1479 3315 supra

491 3323 610 3369 hanc
625 3319 908 3383 supercilium
921 3332 1174 3381 arenosum,
1194 3312 1324 3380 ὀφρύη
1341 3318 1479 3381 ψάμ-

451 3416 456 3423 ·
521 3400 587 3437 'nc
604 3386 668 3433 iv.
694 3389 796 3432 181.

495 3407 677 3510 “Libya
692 3448 948 3496 'secundum
966 3462 1088 3495 mare
1105 3446 1478 3493 mediterraneum

495 3512 742 3574 porrigitur
762 3514 818 3559 ab
833 3511 1042 3574 AEgypto
1058 3526 1198 3573 usque
1209 3510 1266 3559 ad
1289 3510 1480 3562 SoloEn-
1558 3548 1572 3562 .

418 3606 424 3613 ·
491 3584 586 3621 tem
626 3577 977 3638 promontorium
999 3578 1046 3623 ii.
1067 3581 1144 3623 82.
1173 3575 1358 3623 Luras
1378 3575 1479 3622 No-

387 3644 392 3649 ’
494 3640 646 3687 mades
669 3655 791 3687 mare
807 3632 1018 3686 adcolunt
1037 3641 1094 3686 ab
1112 3640 1326 3702 AEgypto
1338 3654 1481 3701 usque

495 3704 550 3751 ad
571 3703 852 3753 Tritonidem
883 3704 1064 3761 lacum3
1097 3718 1252 3751 eorum
1275 3705 1479 3752 instituta

493 3777 540 3817 et
573 3768 786 3817 sacrificia
815 3770 876 3817 iv.
909 3769 1176 3817 186—190.
1209 3768 1375 3831 singuli
1395 3784 1479 3830 po·

491 3834 586 3896 puli
607 3834 670 3880 iv.
701 3836 966 3883 168—180.
1003 3832 1135 3894 primi
1152 3833 1354 3879 omnium
1375 3832 1477 3879 Ne·

449 3924 460 3935 ι
489 3907 678 3961 ptunum
701 3899 937 3946 coluerunt
958 3897 1003 3943 ii.
1027 3900 1107 3945 50.
1145 3896 1240 3945 Soli
1261 3890 1481 3945 et-Lunae'

493 3962 744 4009 sacrificant
763 3963 824 4010 iv.
853 3967 958 4011 188.
981 3959 1226 4019 Minarvae,
1251 3962 1479 4023 indigente

489 4026 588 4074 deae
619 4042 744 4074 sacra
760 4027 932 4075 faciunt
966 4027 1028 4072 iv.
1061 4030 1168 4075 180.
1183 4026 1246 4083 'ab
1263 4026 1320 4072 iis
1343 4026 1479 4073 Grae·

468 4092 531 4137 'ci
587 4099 852 4154 acceperunt
917 4090 1145 4138 Minervae
1197 4091 1383 4153 aegides,
1433 4098 1479 4138 et

489 4155 776 4219 quadrijugos
797 4170 936 4217 equos
959 4157 1156 4218 jungere
1185 4155 1244 4202 iv.
1271 4160 1377 4203 189.
1413 4156 1479 4218 οἳ

487 4218 566 4263 vii.
613 4219 956 4281 184e-Libyes
987 4219 1226 4281 Agricolae
1275 4220 1338 4268 iv.
1385 4220 1471 4268 191

487 4295 608 4343 seqq.

555 4344 739 4407 Libyes,
761 4347 971 4411 AEgypto
991 4346 1186 4404 finitimi,
1200 4348 1356 4411 Apriae
1379 4348 1476 4413 regi

1263 134 1495 219 muni<
1525 162 1780 220 RERUM

1606 298 1657 347 se
1676 299 1865 347 tradunt·
1877 302 1942 347 iv.
1968 297 2228 361 159.tf.'ii.'
2245 296 2353 348 161.
2388 294 2607 356 camby-

1606 366 1643 411 si
1670 380 1721 411 se
1757 364 1938 419 dedunt,
1968 370 2016 411 et
2047 364 2165 410 dona
2194 364 2381 409 mittunt
2409 362 2473 407 iii.
2514 364 2603 406 18.

1574 468 1580 471 .
1606 427 1751 475 Dario
1772 430 1983 475 tributum
2004 427 2207 490 pendunt
2231 428 2295 474 iii.
2322 431 2403 473 91.
2426 439 2602 473 eorum

1604 490 1827 541 armatura
1866 494 1914 539 in
1950 492 2121 539 Xerxis
2160 491 2361 539 exercitu
2394 490 2475 537 vii.
2513 490 2603 539 71.

1669 620 1839 682 Libyes
1854 634 1955 669 eum
1978 620 2421 683 Carthaginiensibus
2436 618 2491 665 iu
2516 616 2601 665 si·

1604 684 1705 731 cilia
1720 686 1913 733 militant
1932 686 2007 733 vii.
2034 687 2139 733 165.

1542 748 1741 811 Libycus
1762 764 1910 809 mous,
1944 746 2159 806 terminus
2194 747 2391 811 AEgypti
2421 747 2481 793 ab
2512 760 2603 793 oc-

1604 828 1711 861 casu
1730 814 1776 862 ii.
1793 819 1839 864 8.
2173 843 2175 849 ,

1544 875 1724 933 Liches,
1768 878 2003 941 spartian,
2038 894 2155 927 unus
2192 872 2603 929 erbenemeritis,

1606 940 1792 989 Orestis.
1802 958 1904 989 ossa
1922 945 2085 1005 reperit
2102 944 2133 989 i.
2150 944 2230 991 67.
2250 943 2329 991 68.

1542 1004 1672 1062 Lida,
1694 1021 1824 1053 mons
1848 1005 1995 1055 Cariae
2015 1008 2045 1055 i.
2068 1010 2179 1057 174.
2202 1010 2307 1055 175.

1545 1068 1749 1133 Ligneus
1790 1086 1869 1133 pes
1909 1071 2213 1133 Hegesianati
2245 1070 2361 1117 vatis
2396 1068 2464 1115 ix·
2508 1066 2601 1115 37.

1606 1134 1757 1197 lignea
1792 1136 1895 1181 urbs
1929 1135 2207 1183 Budinorum
2237 1135 2301 1182 iv.
2337 1135 2445 1181 108.
2483 1134 2604 1177 128.

1606 1202 1705 1246 vid.
1723 1198 1907 1246 Domus
1926 1206 1969 1247 et
1992 1200 2169 1247 Murus.
2206 1197 2402 1259 Ligneae
2426 1203 2605 1243 statuae

1608 1262 1835 1323 Myce-tini
1868 1265 1987 1327 regis
2006 1264 2054 1311 ii.
2095 1269 2291 1323 130389.
2316 1263 2405 1308 duo
2425 1259 2602 1320 imagi-

1608 1342 1690 1373 nes
1710 1342 1769 1374 ex
1788 1328 1915 1391 ligno
1937 1330 2125 1391 sculptae
2146 1326 2377 1375 Amasidis
2398 1325 2525 1388 regis
2542 1324 2597 1369 ii·

1544 1454 1741 1518 Ligures
1784 1471 1917 1518 supra
1944 1456 2197 1504 Massiliam
2227 1455 2429 1502 habitant
2457 1468 2507 1499 v.
2544 1456 2599 1499 9.

1608 1535 1711 1567 cum
1749 1518 2193 1586 Carthaginiensibus
2212 1520 2259 1566 in
2294 1519 2446 1565 Sicilia
2471 1516 2596 1563 mili·

1608 1592 1705 1631 tant
1719 1586 1797 1631 vii.
1824 1586 1926 1633 165.

1545 1646 1717 1709 Ligyes
1738 1650 1783 1695 in
1806 1648 1976 1697 Xerxis
1992 1649 2191 1697 exercitu
2211 1648 2291 1695 vii.
2313 1650 2389 1698 72.

1544 1711 1676 1767 Lilia,
1708 1714 1822 1759 rosis
1853 1714 2027 1767 similia,
2050 1716 2096 1761 in
2119 1712 2231 1761 Nilo
2250 1719 2517 1767 nascuntur,
2544 1716 2598 1757 et

1607 1777 1706 1832 alia,
1738 1792 1929 1837 quorum
1950 1778 2077 1825 radix
2096 1778 2331 1825 esculenti
2344 1778 2392 1823 ii-
2416 1782 2497 1823 92·
2636 1826 2643 1832 ,

1544 1839 1827 1898 Limeneum,
1849 1846 2085 1903 Λιμειήῖον,
2120 1842 2320 1890 Milesia
2340 1840 2541 1903 regionis
2561 1838 2595 1885 ἰ·

1542 1968 1735 2029 Lindus,
1772 1969 2068 2017 Doriensium
2108 1970 2291 2017 civitas-
2316 1971 2348 2017 i.
2392 1972 2501 2016 144.
2534 1968 2599 2015 ibi

1606 2034 1821 2096 templum
1856 2034 2083 2084 Minervae
2104 2035 2151 2081 ii.
2177 2037 2287 2081 182.
2346 2032 2501 2080 Lindii
2532 2045 2598 2079 ex

1606 2098 1771 2147 Rhodo
1815 2098 1978 2147 Gelam
2013 2098 2060 2144 in
2094 2098 2247 2147 Sicilia
2282 2098 2484 2146 condunt
2514 2097 2599 2145 vii.
2654 2124 2663 2129 -

1538 2226 1721 2291 Lingua
1735 2226 1891 2275 Ionica
1902 2234 2091 2289 quatuor
2104 2228 2233 2274 habet
2248 2226 2603 2275 modificationes

1605 2292 1637 2340 i.
1696 2297 1797 2339 142.
1849 2293 2020 2355 linguae
2071 2292 2269 2344 Persicae
2311 2292 2494 2339 nomina
2544 2291 2597 2337 in

1606 2358 1807 2404 eamdem
1844 2357 2054 2405 desinunt
2085 2358 2281 2405 litteram
2315 2358 2347 2404 i.
2390 2361 2498 2410 139.
2530 2356 2597 2419 ς’.

1544 2484 1711 2531 Linum
1748 2482 2010 2533 Colchicum
2046 2482 2397 2550 (Sardmaieam)
2430 2490 2480 2531 et
2502 2482 2597 2531 Ε·

1606 2550 1863 2611 gyptiacum
1883 2550 1932 2596 ii.
1961 2554 2066 2598 105.
2098 2558 2196 2598 not.
2218 2550 2430 2596 linum-in
2452 2547 2594 2597 Paeo·

1609 2614 1683 2660 nia
1704 2630 1749 2660 v.
1780 2618 1851 2662 12.

1544 2677 1702 2732 Linus,
1738 2677 1961 2724 cantilena
1996 2678 2041 2723 in
2080 2677 2317 2726 Phoenicia
2350 2684 2400 2724 et
2436 2675 2596 2739 Cypro

1607 2750 1797 2795 cantata,
1830 2742 2067 2803 AEgyptiis
2096 2744 2303 2804 Μανίρως
2336 2744 2599 2789 nominami-

1606 2807 1652 2853 ἢ.
1676 2812 1753 2854 79.
1776 2806 1834 2869 cf.
1859 2812 1968 2851 aun.
1990 2822 2047 2869 p.
2069 2810 2341 2853 ano-303.

1544 2869 1767 2933 Lipaxus,
1792 2884 1895 2931 opp.
1919 2867 2145 2918 Crossaeae
2165 2869 2243 2916 vii.
2274 2873 2382 2918 123.

1544 2934 1777 2995 Lipoxais,
1799 2933 2003 2995 Targitai
2019 2934 2083 2981 fil.
2104 2934 2167 2982 iv.
2188 2937 2237 2982 5.
2258 2934 2315 2980 ab
2342 2948 2399 2981 eo
2420 2931 2596 2981 oriundi

1608 2999 1794 3059 Scythae
1824 3014 1864 3045 c.
1898 3002 1945 3045 6.

1543 3062 1828 3126 Lipsydrium
1854 3076 1974 3124 opp·‚
1996 3061 2256 3127 Λειψύδριον,
2284 3078 2327 3109 v.
2351 3064 2432 3109 62.

1542 3126 1669 3175 Lisae
1688 3143 1790 3190 opp.
1816 3126 2039 3175 Crossaeae
2070 3126 2268 3187 regionis
2285 3126 2363 3173 vii.
2391 3130 2501 3174 128.

1544 3190 1715 3246 Lissus,
1754 3192 1804 3239 fl.
1848 3190 2083 3247 Thraciae3
2142 3192 2238 3253 ejus
2284 3205 2421 3253 aqua.
2444 3190 2596 3247 Xerx.

1606 3256 1747 3317 copiis
1768 3270 1859 3301 non
1894 3254 2067 3303 suffecit
2086 3253 2163 3301 vii.
2192 3259 2296 3303 108.
2326 3260 2433 3303 109.

1544 3318 1734 3367 Litterae
1759 3320 1995 3367 -Amasidis
2024 3319 2080 3366 ad
2111 3318 2403 3379 Polycratem.
2428 3319 2597 3367 ἱίἱ.40.

1608 3383 1793 3431 Histiaei
1824 3383 2013 3445 proditae
2039 3384 2103 3430 vi.
2122 3386 2168 3429 4.
2200 3384 2449 3431 litteramm
2482 3384 2597 3432 mira

1606 3449 1847 3496 occultatio
1870 3448 1947 3496 vii.
1969 3454 2079 3501 289.
2104 3449 2199 3494 vid.
2223 3448 2459 3510 Epistolae·

1669 3513 1833 3561 litterae
1854 3512 1974 3560 servi
1996 3511 2128 3574 capiti
2144 3511 2378 3575 ,inscriptae
2396 3527 2444 3558 v.
2466 3515 2550 3559 35.

1544 3577 1819 3624 Litterarum
1856 3592 1989 3627 usum
2026 3592 2053 3623 a
2106 3574 2399 3623 Phcenicibus
2438 3575 2599 3624 Graeci

1604 3648 1871 3703 acceperunt
1890 3658 1937 3689 v.
1958 3644 2038 3691 58.
2059 3641 2223 3689 litterae
2253 3640 2515 3704 Assyriam
2532 3641 2597 3689 iv.

1606 3710 1684 3753 87.
1700 3722 1753 3753 n.
1852 3751 1864 3765 „
2429 3720 2448 3725 ’-

1543 3769 1696 3817 Littus
1717 3770 1968 3832 pulchrum,
1987 3770 2080 3817 vid.
2104 3767 2301 3817 contacta.

1540 3834 1678 3883 Locri
1708 3834 1859 3882 Persis
1892 3842 2057 3881 terram
2095 3842 2141 3881 et
2176 3848 2337 3894 aquam
2371 3832 2483 3879 dant
2516 3834 2599 3881 vii.

1608 3902 1715 3947 132·-
1748 3904 1797 3946 at
1818 3897 1956 3945 Locri
1990 3897 2179 3961 Opuntii
2200 3913 2305 3944 cum
2327 3897 2513 3945 Graeeis
2542 3898 2599 3946 ad

1557 3992 1565 4001 ·
1603 3962 1931 4025 Thermopylas
1944 3964 2023 4009 vii.
2040 3967 2151 4011 208.
2162 3969 2211 4009 et
2224 3962 2281 4008 ad
2297 3961 2599 4009 Artemisium

1604 4029 1797 4075 militant
1828 4027 1921 4073 viii.
1961 4028 2004 4073 1.
2035 4034 2085 4074 et
2120 4026 2257 4073 Locri
2280 4025 2450 4073 Ozolae
2472 4025 2601 4073 Pho—

1606 4092 1811 4139 cenaibus
1846 4090 2034 4141 Persam
2061 4089 2337 4155 fugientibus
2368 4088 2603 4153 refugium

1604 4158 1807 4217 praebent
1828 4155 1917 4203 viii.
1938 4160 2019 4203 32.

1542 4220 1679 4267 Locri
1701 4220 1997 4282 Epizephyrii
2017 4218 2221 4267 in21talia
2238 4220 2303 4266 vi.
2322 4222 2403 4267 23.

1542 4284 1687 4334 Lotos
1708 4285 1899 4347 plurima
1934 4286 2133 4332 nascitur
2152 4284 2199 4331 in
2220 4283 2461 4347 AEgypto3
2502 4285 2605 4347 ejus

1602 4349 1727 4401 radix
1762 4348 2007 4407 esculenta-
2030 4349 2079 4399 ii.
2118 4350 2205 4404 92.ἱ
2233 4350 2327 4397 vid.
2366 4348 2482 4395 adn.
2520 4350 2608 4399 loti
