2850 4792
921 183 1014 252 ΕΤ
1039 198 1551 259 mascnlinum.

201 370 206 377 .
269 330 466 379 cerevi-
493 334 578 383 98.
602 332 718 396 qfii.
745 334 855 381 tss.
885 332 987 381 vid.
1019 336 1066 379 ct
1090 328 1264 379 Heron

199 390 472 456 colophon,
507 394 672 446 Ionum
705 398 863 447 civitas
892 398 928 445 i.
967 400 1074 445 142.
1107 397 1182 443 H.
1218 397 1266 443 8.

199 496 206 501 .
273 468 406 523 capta
425 476 453 507 a
477 461 618 523 Gyge
636 463 665 511 l.
699 468 771 511 14.

345 522 616 587 Colophonii
641 528 724 575 soli
757 542 816 577 ex
849 525 1038 575 Ionibus
1061 526 1116 573 ab
1139 524 1264 587 Apa-

272 589 404 637 turiis
425 590 554 640 festis
585 593 792 655 prohibiti
814 593 849 639 i.
874 594 982 643 147.
1021 592 1264 652 Smyrnam

275 668 498 717 occupant
519 658 552 704 i.
580 662 687 707 150.
710 658 774 721 ff
795 673 839 707 c.
867 660 944 706 16.

209 716 437 775 cotom,
463 725 694 780 Κολοσσαῖ,
717 738 820 785 opp.
844 721 1066 783 Phrygiae
1087 720 1160 767 vii.
1183 724 1263 767 30.

209 782 400 833 Colossi
457 786 578 846 apud
645 787 900 849 AEgyptios
953 786 1270 833 memorabiles

275 848 538 911 pontificum
562 850 608 897 ii.
639 857 742 899 143.
765 853 906 913 lignei
929 851 1160 911 Mycerini
1194 865 1264 896 re-
1325 896 1330 903 .

277 914 354 977 gis
375 916 422 961 ii.
451 920 556 963 130.
577 919 812 980 permagni
834 917 1000 979 Apidis
1021 917 1136 963 sulse
1159 931 1264 979 sup-

273 980 409 1041 positi
453 981 500 1025 ii.
539 984 646 1029 153.
677 982 725 1029 in
759 983 1003 1045 propylaeis
1036 981 1264 1027 Minervae

276 1044 430 1106 templi
465 1046 512 1091 in·
547 1046 622 1095 Sai
667 1049 776 1095 urbe
815 1049 864 1095 ii.
919 1050 1022 1095 17¹5.
1065 1046 1265 1093 colossus

274 1110 562 1171 septuaginta
592 1113 790 1174 quinque
819 1112 999 1174 pedum,
1035 1119 1080 1159 et
1113 1110 1188 1159 alii
1218 1109 1268 1157 ii.
1330 1156 1336 1163 ,

282 1176 392 1219 176.
413 1175 479 1237 ff
503 1176 547 1221 ii.
571 1181 620 1222 4.
641 1185 685 1223 et
705 1179 798 1225 vid.
819 1178 1006 1225 Statuae.

213 1234 470 1302 Columbae„
495 1240 752 1291 Dodonaeae
794 1244 942 1303 nigrae
980 1242 1030 1288 ii.
1069 1242 1149 1289 55.
1189 1256 1268 1287 co·

274 1303 450 1351 lumbus
469 1305 590 1353 albas
613 1305 772 1355 Persae
789 1309 1032 1355 exturbant
1052 1306 1084 1352 i.
1111 1309 1223 1355 138.

215 1364 458 1423 columnae
491 1372 622 1431 albae,
657 1376 820 1421 Λευκαὶ
853 1379 1034 1430 xviimi,
1057 1371 1104 1417 in
1130 1370 1268 1419 Caria

278 1447 324 1479 ν.
349 1437 458 1481 118.

213 1494 456 1547 Columnae
479 1500 696 1549 Sesostris
716 1501 945 1562 inscriptae
963 1500 1012 1546 ii.
1037 1504 1140 1546 102.
1163 1500 1268 1547 duae

275 1564 519 1618 columnae,
571 1567 712 1615 altera
753 1580 810 1613 ex
853 1581 981 1621 auro,
1025 1566 1166 1611 altera
1207 1580 1266 1611 ex

213 1660 220 1669 -
275 1630 511 1690 smaragde
531 1628 674 1692 lapide
695 1639 833 1678 noctu
849 1632 1014 1677 eximie
1029 1630 1268 1692 splendens

275 1693 325 1739 ii.
358 1698 438 1745 44.
472 1695 696 1743 columnae
729 1698 830 1743 duae
852 1712 880 1743 a
904 1695 1052 1743 Dario
1073 1694 1264 1743 in'Bos·

215 1790 220 1797 -
279 1759 376 1819 pori
402 1775 480 1807 ora
501 1771 668 1808 erectae
689 1762 752 1807 iv.
777 1765 858 1809 87.

213 1820 408 1873 Comum
429 1824 556 1873 alunt
589 1824 940 1880 Lacedaemonit,
971 1840 1064 1873 non
1088 1824 1152 1873 ita
1174 1822 1266 1873 Ar-

217 1926 226 1933 .
275 1888 370 1953 givi
393 1889 423 1935 i.
457 1894 539 1936 82.
572 1899 758 1953 pectunt
791 1892 855 1937 illi
887 1892 996 1938 vitae
1027 1890 1264 1937 discrimen

219 1998 227 2007 ,
273 1953 436 2003 adituri
458 1954 538 2002 vii.
563 1961 674 2005 ι108.
697 1961 810 2005 209.
901 1954 925 1965 “

341 2033 516 2065 comam
561 2021 687 2067 alunt
729 2029 776 2067 et
820 2020 1061 2081 Babylonii
1103 2020 1134 2067 i.
1183 2024 1262 2070 95.
1335 2070 1340 2073 .

219 2130 224 2137 ,
273 2080 434 2129 Persae
456 2085 514 2130 vi.
542 2088 619 2133 19.
639 2100 731 2131 non
755 2085 968 2147 AEgyptii
989 2087 1048 2132 iii.
1080 2090 1151 2133 1¹2.

341 2149 457 2194 miro
479 2150 614 2195 modo
635 2159 804 2211 gerunt
824 2164 1000 2197 comam
1024 2150 1181 2197 Macae
1200 2149 1264 2196 iv.

282 2214 390 2259 175.
414 2220 461 2259 et
481 2214 686 2274 Maxyes
717 2215 779 2262 iv.
806 2218 913 2262 191.
937 2223 984 2261 et
1006 2215 1178 2261 Arabes
1199 2214 1265 2261 iii.

213 2338 456 2391 Combrea.
493 2342 748 2409 Κώμβρεια,
786 2343 890 2389 urbs
930 2340 1156 2391 Crossaeae
1193 2357 1264 2390 re-

275 2406 429 2467 gionis
453 2406 528 2453 vii.
561 2409 661 2453 1⁶23.

215 2468 514 2521 Commeatus
557 2471 727 2519 idoneis
759 2472 870 2519 locis
903 2486 929 2518 a
962 2470 1137 2525 Xerxe,
1183 2486 1267 2525 ex-

221 2582 228 2588 ,
275 2536 547 2598 peditionem
603 2537 649 2581 in
696 2537 922 2584 Graeciam
979 2537 1264 2599 suscipiente,

276 2598 484 2663 dispositi
499 2602 582 2647 vii.
606 2606 684 2648 25.
706 2601 772 2664 cjfi
797 2619 839 2649 c.
862 2607 942 2649 50.

215 2662 510 2725 compartus,
555 2665 603 2713 fl.
648 2666 871 2722 Thraciae,
905 2668 953 2712 in
995 2664 1266 2715 Bistoniden

278 2730 424 2776 lacum
447 2746 605 2791 aquam
629 2732 823 2779 infundit
847 2732 918 2777 vii.
952 2736 1060 2779 109.

215 2792 472 2857 conchylia
493 2797 538 2841 in
561 2796 790 2843 montibus
813 2797 1010 2858 AEgypti
1033 2798 1079 2843 ii.
1105 2800 1184 2859 12.

218 2856 467 2914 Conclavia
501 2862 788 2909 subterranea
819 2862 1060 2922 labyrinthi
1083 2862 1129 2909 ii.
1157 2864 1266 2911 148.

280 2926 496 2977 conclav'e
529 2928 863 2973 subterraneum
911 2926 1162 2974 Nitocridis
1195 2942 1266 2973 re-

278 2990 402 3051 ginae
423 2990 468 3035 ii.
506 2994 608 3037 100.
629 3007 678 3037 n.
693 2992 908 3039 conclave
930 2991 1090 3039 subter*
1104 3002 1270 3040 terram

223 3096 230 3100 .
282 3055 330 3101 in
352 3054 522 3114 templo
543 3055 677 3104 Jovis
701 3056 982 3117 Babylonico
1004 3058 1034 3104 i.
1069 3062 1170 3105 183.

215 3118 500 3169 Concubitus
519 3121 566 3165 in
603 3123 856 3183 propatulo,
887 3122 1110 3183 pecudum
1144 3138 1270 3170 more

277 3186 396 3247 apud
429 3186 618 3246 populos
663 3184 914 3235 Caucasum
954 3196 1156 3237 montem
1199 3188 1270 3235 in-

281 3248 533 3296 habitantes
555 3250 586 3297 i.
609 3258 718 3299 203.
757 3252 873 3312 apud
909 3250 1046 3298 Indos
1069 3253 1131 3299 iii.
1165 3256 1270 3307 101.

265 3313 547 3365 ‚Promiscue
562 3330 666 3363 cum
683 3317 942 3364 mulieribus
959 3325 1124 3364 coeunt
1140 3318 1273 3365 Mas-

281 3386 454 3441 sagetae
496 3380 527 3425 i.
573 3386 684 3428 216.
747 3382 996 3444 Agathyrsi
1049 3383 1112 3431 iv.
1164 3386 1284 3435 104.,

279 3444 570 3493 Nasamones
589 3445 651 3494 iv.
693 3449 798 3497 172.
830 3446 1062 3495 Gindanes
1093 3463 1133 3495 c.
1162 3451 1273 3499 176.

281 3517 330 3557 et
369 3509 602 3557 Ausenses
631 3512 693 3558 iv.
735 3516 838 3559 180.
875 3510 938 3573 cf.
965 3514 1076 3559 adn.
1110 3515 1176 3560 ad
1203 3514 1267 3561 iv.

261 3572 268 3579 ’
289 3576 344 3623 17
351 3578 395 3619 2.
417 3575 499 3621 vid
537 3584 582 3623 et
602 3592 748 3637 supra
775 3574 958 3625 Coitus.

216 3633 472 3688 Condiendi
526 3650 731 3689 mortuos
773 3642 935 3703 triplex
981 3642 1095 3689 ratio
1153 3644 1272 3705 apud

229 3744 234 3749 .
281 3703 416 3765 AEgy
449 3704 534 3751 tios
556 3706 603 3751 ii.
627 3711 835 3755 86-90,
869 3706 987 3753 idern
1019 3722 1119 3755 mos
1153 3710 1272 3771 apud

281 3768 398 3816 AEth
417 3782 524 3830 opes
546 3770 608 3817 iii.
633 3774 709 3817 24.
730 3773 820 3818 vid.
849 3770 1074 3821 Cadaver.

218 3830 454 3887 Coniaeus,
500 3837 708 3899 μονιαῒος,
738 3834 850 3896 fuit
899 3838 1152 3885 Thessalia
1183 3852 1273 3885 πει·

229 3946 236 3951 ,
285 3896 456 3947 Cineas
475 3914 520 3945 v.
543 3900 623 3947 63.
646 3901 730 3947 ubi
749 3902 844 3947 nid.
866 3906 981 3949 adn.

220 3961 554 4018 Contadesdus,
579 3957 626 4011 fl.
651 3964 859 4013 Thraciae
879 3968 942 4014 iv.
966 3972 1048 4016 90.

218 4027 436 4083 convitia
455 4029 632 4077 irritant
653 4031 764 4081 iram
787 4032 864 4078 vii.
893 4036 1002 4079 160.

219 4091 390 4156 Copais
422 4094 568 4207 9851118,
588 4099 614 4149 ἧ
638 4097 799 4155 Korok
828 4102 976 4161 λίμνη,
1010 4097 1058 4145 in
1091 4096 1276 4146 Boeotia

285 4159 384 4206 viii(
412 4165 464 4207 13
501 4190 514 4204 .

217 4220 442 4285 Corcyra,
477 4227 502 4277 ἦ
537 4228 672 4285 Κέρκυ
699 4242 740 4279 α,
781 4225 928 4275 insula
963 4242 990 4274 a
1027 4224 1277 4277 Corinthiis
1311 4270 1320 4275 -

283 4288 468 4335 condita
490 4288 549 4335 iii.
573 4294 654 4337 49.
719 4289 924 4339 eriandri*
947 4294 1274 4357 imperiossub-

227 4398 237 4409 ,
277 4355 404 4419 jecta
437 4354 500 4400 iii.
533 4356 613 4403 4²2.
656 4352 908 4418 Corcyraej.
940 4363 976 4411 οἶ
1007 4361 1276 4422 Κερκυραῖοι,

284 4434 390 4468 cum
415 4416 667 4469 Corinthiis
702 4430 916 4485 perpetua
951 4422 1171 4472 discordia
1199 4422 1268 4471 fo-

2322 204 2399 260 {⁰9

1395 336 1508 379 vent
1527 328 1589 377 iil.
1619 330 1685 375 48
1714 342 1811 389 seq.
1844 326 2119 385 interficiunt
2149 323 2385 382 Periandri

1397 396 1540 442 filium
1564 394 1626 441 iii.
1649 397 1726 442 53.
1749 394 1797 439 in
1817 393 1936 440 bello
1969 392 2207 440 Xerxiano
2234 401 2386 441 astute

1397 476 1426 509 a
1447 468 1605 507 neutra
1625 467 1751 521 parte
1772 466 1893 505 stant
1914 459 1990 505 vii.
2022 461 2126 507 168.
2410 468 2415 473 “

1323 512 1561 579 ⁴Coressus
1583 524 1630 570 in
1652 524 1815 576 finibus
1836 522 2137 585 Ephesiorum
2161 538 2207 573 v.
2234 526 2342 573 loo.

1335 589 1641 642 Corum-nus,
1682 590 1869 655 Κόρινθος
1908 592 1934 641 ἦ
1956 591 2166 649 εὐδαίμων
2203 588 2267 635 iii.
2306 594 2387 639 52.

1397 655 1505 703 olim
1528 669 1555 700 a
1578 653 1841 701 Bacchiadis
1871 652 2195 709 administrata,
2229 665 2389 716 postea

1327 758 1336 765 .
1397 722 1482 768 sub
1506 718 1708 781 Cypselo
1730 726 1922 778 tyranno
1938 726 1985 765 et
2004 717 2251 767 Periandro
2270 720 2390 769 mul-

1398 787 1459 833 tis
1480 785 1609 831 malis
1630 782 1811 831 adflicta
1830 799 1879 829 v.
1902 788 1985 831 92.

1462 848 1689 897 Corinthii
1716 848 1901 895 minime
1928 853 2227 895 contemnunt
2257 848 2387 911 opifi-

1399 929 1477 961 ces
1497 913 1549 961 ii.
1573 916 1680 962 167.
1702 928 1859 961 eorum
1892 914 2125 959 thesaurus
2147 915 2195 961 in
2218 916 2392 977 templo

1398 978 1629 1042 Delphico
1675 979 1704 1025 i.
1758 982 1832 1025 14.
1870 982 1951 1025 50.
1990 980 2067 1025 51.
2111 978 2173 1025 iv.
2217 982 2391 1026 162.—

1399 1043 1625 1093 Corinthii
1658 1044 1879 1092 coloniam
1901 1044 1947 1089 in
1970 1041 2219 1103 Corcyram
2251 1045 2393 1091 dedn-
2476 1074 2491 1082 -

1396 1118 1537 1168 cunt;
1575 1118 1733 1173 postea
1752 1124 1929 1171 semper
1952 1106 2209 1168 Corcyraeis
2228 1109 2391 1156 infensi

1396 1175 1460 1221 iii.
1499 1180 1581 1223 49.
1621 1172 1680 1237 cf.
1724 1190 1766 1221 c.
1809 1178 1887 1221 515.
1927 1174 2182 1220 inimicitias
2218 1183 2390 1236 gerunt

1397 1256 1503 1287 cum
1528 1240 1691 1289 Samiis
1708 1240 1770 1287 iii.
1791 1243 1855 1285 48
1874 1252 1967 1300 seq.

1464 1304 1825 1368 Peloponnesios
1844 1304 2169 1355 adv.‚Athenas
2184 1301 2387 1365 proficis-

1397 1378 1553 1417 centes
1588 1371 1797 1417 deserunt
1820 1385 1868 1416 v.
1902 1372 1983 1419 75.
2011 1376 2058 1415 et
2085 1368 2248 1417 iterum
2283 1384 2391 1430 pro-

1398 1436 1571 1494 bibent,
1594 1451 1685 1496 quo
1712 1436 1863 1483 minus
1894 1434 2093 1481 Athenae
2126 1434 2209 1481 sub
2230 1441 2389 1495 tyran-

1400 1500 1551 1546 nidem
1585 1501 1845 1563 redigantur
1886 1515 1931 1546 v.
1973 1502 2035 1544 99.
2076 1500 2390 1560 seqw-Athe-

1401 1566 1631 1613 niensibus
1676 1566 1723 1613 in
1768 1565 1883 1611 bello
1938 1562 2207 1625 AEginetico
2249 1579 2392 1611 naves

1399 1631 1707 1686 commodant,
1748 1630 1869 1676 dono
1902 1629 2010 1675 dare
2039 1629 2143 1690 lege
2180 1628 2390 1690 prohibiti
2472 1622 2485 1640 ⁸

1399 1695 1463 1741 vi.
1488 1696 1678 1743 89.-in
1700 1695 1816 1742 bello
1840 1694 2026 1741 Medico
2048 1708 2177 1739 cccc.
2200 1693 2389 1741 mittunt

1397 1759 1454 1807 ad
1487 1758 1820 1821 Thermopylas
1852 1760 1930 1806 vii.
1954 1762 2064 1807 902.
2088 1760 2135 1805 in
2158 1774 2311 1821 pugna
2330 1759 2389 1805 ad

1400 1826 1673 1874 Salaminem
1708 1824 1939 1887 aufugisse
1974 1824 2259 1887 perhibentur
2292 1824 2385 1885 viii.
2426 1824 2431 1837 ¹

1401 1895 1479 1939 94.
1504 1890 1569 1953 cf!
1596 1892 1711 1937 adn.
1748 1898 1793 1937 et
1826 1906 1866 1936 c.
1902 1894 1979 1937 59.
2010 1897 2055 1937 et
2090 1893 2167 1937 61.
2208 1900 2391 1937 strenue

1396 1962 1603 2018 pugnant
1624 1956 1679 2001 ad
1704 1955 1920 2018 Mycalen
1942 1956 2004 2001 ix.
2034 1958 2131 2001 102.

1478 2020 1731 2069 Corintbiae
1784 2020 1995 2067 mulieres
2038 2018 2322 2075 vestimentis
2366 2034 2395 2067 a

1400 2084 1646 2132 Periandro
1679 2093 1831 2133 exutae
1853 2101 1897 2132 v.
1924 2090 2003 2133 9⁴2.
2030 2082 2267 2141 Corinthia
2286 2099 2393 2132 ves-

1396 2151 1456 2195 tis
1478 2151 1703 2197 simillima
1725 2149 1911 2199 Doricae
1934 2168 1979 2198 v.
2003 2154 2085 2199 87.

1333 2212 1521 2263 Cornua
1564 2217 1800 2277 pecoribus
1843 2216 1916 2263 ubi
1955 2222 2133 2263 mature
2170 2223 2247 2263 sut
2282 2230 2391 2266 sero

1335 2316 1342 2320 .
1401 2276 1731 2327 nascantur'iv.
1756 2283 1835 2328 29.

1322 2341 1577 2396 'Corobius‚
1600 2345 1887 2407 purpurarius
1906 2342 2155 2404 Cretensis,
2170 2343 2393 2393 Theraeos

1395 2408 1445 2454 in
1471 2408 1687 2456 Plataeam
1721 2411 1807 2456 ins.
1842 2410 1979 2464 ducit,
2003 2411 2155 2472 ibique
2176 2410 2299 2459 solus
2318 2426 2393 2458 re-
2417 2440 2427 2450 ι

1393 2473 1542 2550 lictus,
1574 2490 1601 2521 a
1638 2472 1798 2526 Colaeo
1834 2474 1989 2527 Samio
2022 2475 2145 2523 same
2176 2477 2394 2525 liberatus

1333 2544 1550 2693 Cominius?
1560 2544 1767 2666 :deig-ina
1802 2602 2118 2667 Olympiorum
2155 2606 2393 2667 praemium

1337 2670 1912 2789 Chi-ld32553tl'liebanorum
1936 2732 2073 2779 vicini
2096 2749 2143 2779 v.
2170 2737 2251 2783 79.

1339 2797 1527 2848 Corsica
1563 2801 1636 2845 vel
1670 2797 1855 2857 Cyrnus
1875 2798 1905 2843 i.
1934 2801 2040 2846 165.
2076 2797 2311 2847 Corsicani
2343 2798 2391 2846 in

1403 2864 1557 2910 Sicilia
1579 2864 1744 2911 bellum
1769 2872 1939 2925 gerunt
1960 2862 2037 2909 vii.
2065 2864 2177 2911 165.

1338 2926 1587 2989 Corycium
1610 2938 1805 2984 antrum,
1826 2933 1877 2979 ’τὸ
1892 2929 2101 2993 Κωρύκιον
2120 2928 2269 2995 ἄντρον
2290 2928 2389 2977 viii·

1335 2996 1625 3120 Cossdauus,
1649 3058 1966 3119 Anticyrensis
1986 3057 2064 3105 vii.
2086 3060 2199 3107 214.

1340 3121 1508 3185 Gorys,
1532 3126 1711 3173 Arabiae
1734 3124 1781 3171 fl.
1802 3124 1865 3169 iii.
1890 3129 1936 3172 9.

1340 3187 1453 3241 Cos.
1490 3193 1515 3243 ἧ
1552 3194 1665 3247 Κῶς,
1705 3190 1865 3236 civitas
1899 3187 2198 3236 Doriensium
2219 3188 2252 3235 i.
2280 3192 2391 3238 144.

1406 3252 1511 3313 Coi,
1534 3258 1571 3303 oi
1596 3258 1721 3310 Κυῖῐοι,
1746 3254 1993 3301 libertatem
2018 3254 2135 3301 nacti
2159 3253 2234 3301 vii.
2264 3254 2371 3303 164.
2394 3320 2403 3329 .
2498 3318 2502 3329 Ι

1341 3316 1506 3379 Cotys,
1530 3318 1660 3365 Asiae
1678 3327 1804 3380 pater
1824 3320 1887 3366 iv.
1906 3323 1987 3367 45.

1341 3382 1611 3445 Cranaspes,
1658 3382 1919 3433 Mitrobatis
1970 3382 2107 3440 filius,
2152 3398 2245 3433 una
2286 3398 2393 3432 cum

1405 3457 1535 3511 patre
1557 3449 1611 3495 ab
1635 3448 1796 3497 Oroete
1816 3465 1962 3497 caesus
1982 3449 2045 3495 iii.
2064 3450 2169 3498 126.

1340 3512 1507 3561 Cranai
1531 3514 1635 3561 dicti
1660 3514 1961 3563 Athenienses
1982 3514 2076 3561 viii.
2096 3518 2178 3563 44.

1339 3577 1557 3627 Cranium
1592 3578 1761 3627 nullam
1800 3590 2001 3628 suturam
2035 3580 2205 3631 habens
2222 3580 2287 3629 ix.
2308 3585 2397 3631 83.

1401 3644 1565 3692 craniis
1606 3652 1841 3707 parentum
1895 3647 2108 3694 inauratis
2148 3646 2393 3695 Issedones

1400 3724 1486 3771 pro
1524 3712 1662 3758 sacris
1704 3712 1825 3758 vasis
1862 3710 1923 3759 iv.
1977 3715 2056 3759 26.
2080 3719 2128 3759 et
2169 3726 2392 3759 coesorum

1401 3774 1600 3823 hostium
1644 3777 1807 3823 craniis
1849 3793 1931 3839 pro
1980 3776 2171 3839 peculim
2206 3776 2395 3838 Scythae

1396 3849 1593 3888 utuntur
1614 3840 1677 3887 iv.
1706 3843 1785 3889 65.

1341 3901 1601 3953 Cranonius
1616 3907 1714 3953 vid.
1738 3904 2041 3953 Diactorirles.

1342 3966 1531 4026 Crastis,
1553 3978 1601 4019 et
1628 3968 1808 4019 Crastia
1828 3970 2041 4017 Minerva
2061 3985 2115 4017 v.
2130 3971 2209 4018 45.

1342 4032 1507 4083 Crater
1540 4050 1711 4093 aeneus,
1750 4034 1913 4085 Croeso
1947 4034 2125 4087 missus.
2163 4049 2194 4084 a
2230 4033 2395 4085 Samiis

1349 4135 1358 4145 .
1405 4110 1575 4161 raptus,
1618 4100 1882 4149 describitur
1914 4098 1945 4146 i.
1988 4102 2067 4149 70.
2106 4099 2169 4163 ‘f
2200 4099 2269 4149 iii.
2306 4102 2389 4149 47.

1403 4175 1599 4215 crateres
1632 4166 1735 4219 duo,
1771 4180 1933 4213 aureus
1954 4173 2001 4213 et
2028 4173 2283 4228 argenteus,
2316 4166 2395 4226 qui

1403 4246 1519 4293 opus
1556 4228 1785 4278 Theodori
1826 4229 1981 4284 Samii,
2012 4246 2040 4281 a
2074 4228 2239 4279 Croeso
2276 4228 2395 4278 Del-

1403 4295 1505 4357 phis
1526 4296 1715 4343 dedicati
1737 4297 1767 4343 i.
1784 4299 1861 4344 51.
1881 4304 2027 4345 crater
2042 4297 2089 4345 in
2106 4298 2225 4345 ostio
2242 4295 2398 4362 Ponti,

1403 4376 1437 4415 a.
1479 4360 1714 4415 Pausania·
1742 4361 1973 4411 dedicatus
2013 4362 2097 4417 iv..
2120 4367 2202 4412 81.
2246 4371 2397 4413 crater

1405 4426 1605 4476 aheneus
1647 4420 1696 4475 in
1738 4426 1937 4477 Junonis
1978 4428 2146 4492 templo
2170 4440 2199 4475 a
2231 4422 2400 4477 Samiis
