2850 4792
445 166 510 217 n

514 294 746 345 bubuleii.
763 300 794 343 ·l
812 300 882 342 18.
903 309 986 341 eur
1009 296 1048 343 ‘a
1063 298 1176 341 ca'ns
1205 294 1422 344 educatus
1442 296 1509 342 di-'

516 369 646 409 catur
681 363 710 408 i.
763 364 864 407 122.
915 360 1038 421 regia
1077 358 1252 407 indoles
1283 362 1509 422 quomodo

515 427 729 474 enituerit
764 426 810 471 in
851 432 1002 486 puero·
1025 424 1054 469 i.
1097 427 1200 472 114.
1236 439 1264 471 a
1301 435 1509 473 materno

513 508 602 539 avo
649 493 855 551 Astyage
888 490 1069 551 agnitus
1103 489 1132 535 i.
1173 490 1278 537 116.
1317 492 1511 538 mittitur

513 557 574 605 ad
597 571 728 604 veros
761 569 868 602 suos
891 562 1099 615 parentes
1117 554 1146 599 i.
1179 559 1282 603 122.

581 622 638 667 ad
663 621 880 668 ultionem
915 619 970 666 de
1005 621 1209 681 Astyage
1241 620 1507 683 capiendam

513 686 572 732 ab
617 684 841 747 Harpago
885 684 1108 731 excitatus
1152 686 1180 731 i.
1234 688 1336 733 123.
1401 689 1505 732 124.

513 750 678 797 callido
701 752 886 796 invento
926 749 1089 796 Persas
1121 750 1178 795 ad
1207 750 1507 797 defectionem

509 831 542 863 a
566 816 718 863 Medis
751 814 938 877 impellit
959 815 992 861 i.
1036 816 1126 861 125
1147 829 1268 877 seqq.
1334 816 1509 875 Astya-

510 896 606 943 gen
647 896 787 943 regno
841 880 966 927 exuit
1011 878 1042 925 i.
1081 881 1159 926 46.
1223 883 1498 928 127-129,

513 962 707 1008 eumque
725 943 844 992 bello
867 946 1037 991 victum
1070 952 1344 1007 captumque
1381 953 1506 993 tenet

511 1012 548 1059 i.
581 1016 661 1059 73.
698 1019 745 1058 at
775 1010 902 1055 nullo
939 1009 1078 1055 aflicit
1113 1010 1234 1055 malo
1265 1011 1295 1055 i.
1333 1015 1505 1058 180.—

513 1078 698 1125 subacta
739 1076 968 1138 superiore
1005 1073 1132 1121 Asiae
1169 1075 1201 1121 i.
1255 1078 1359 1122 130.
1397 1090 1503 1122 curn

513 1140 682 1193 Crmo
701 1140 787 1205 (ff
823 1140 853 1186 i.
887 1137 990 1199 46)
1025 1137 1352 1201 Cappadociam
1377 1140 1500 1186 inva-

511 1208 650 1263 dente
689 1207 720 1253 i.
784 1208 844 1255 73
883 1220 1003 1267 seqq.
1061 1204 1220 1266 proelio
1271 1204 1505 1252 contendit

510 1284 646 1335 nque
688 1277 833 1318 marte
864 1269 893 1317 i.
930 1272 992 1319 75
1025 1284 1147 1331 seqq.
1215 1269 1380 1317 Sardes
1421 1271 1505 1317 ob-

509 1338 634 1386 sidet
665 1337 696 1383 i.
747 1339 961 1383 79-81.
1013 1342 1062 1381 et
1093 1343 1326 1397 expugnat
1355 1334 1386 1381 i.
1423 1338 1505 1384 84.

509 1403 814 1461 Croesumque
843 1400 1000 1447 vivum
1033 1400 1154 1461 capit
1181 1400 1210 1445 i.
1247 1404 1326 1448 83.
1361 1402 1439 1448 85.
1457 1408 1505 1448 et

407 1516 416 1525 ’
485 1464 904 1593 ἶιῖξῖῑῖεωῗέξῗε
917 1471 1504 1593 .ῗ..“.ἶ,ῗ.ῗ“ἓ.ἑ”ἐῗιῖἓ’.“’.ῖ.εἳῒ.ἒ

507 1598 542 1645 ἰ.
561 1602 622 1646 89
653 1612 742 1659 seq.
786 1599 874 1643 155
897 1609 988 1657 seq.
1016 1596 1128 1642 207:
1420 1626 1433 1633 s

575 1660 761 1709 Ionibus
781 1660 977 1707 fabulam
1011 1666 1164 1706 narrat
1183 1657 1218 1706 i.
1259 1660 1366 1706 141.
1404 1659 1501 1709 La-

507 1727 809 1781 eedaemoniis,
841 1740 916 1791 *ne
948 1722 1124 1772 Ioniam
1158 1724 1306 1777 laedat.
1339 1734 1501 1774 vetan-

510 1794 630 1840 tibus
663 1791 927 1840 contemtim
963 1789 1203 1853 respondet
1235 1788 1266 1837 i.
1305 1793 1410 1837 158.
1446 1792 1503 1837 de

508 1856 655 1919 Lydis
708 1856 1023 1907 rebellantibus
1076 1865 1263 1917 gravem
1329 1855 1503 1918 profert

508 1923 779 1970 sententiam
855 1920 881 1965 i.
954 1918 1304 1969 iss—Smer&
1362 1935 1501 1983 mago

506 2002 640 2035 aures
671 1992 873 2047 amputat
904 1984 950 2031 iii
999 1989 1082 2034 69.

571 2052 673 2098 adv.
709 2048 1012 2111 Labynetum,
1036 2046 1304 2109 Babyloniae
1325 2063 1499 2111 regem,

505 2115 736 2179 profectus
767 2115 796 2161 i.
857 2116 962 2161 188.
1026 2113 1326 2174 Babyloniam
1357 2130 1501 2178 expu-

447 2219 454 2223 .
507 2181 683 2245 gnati.
729 2184 830 2231 190.
870 2182 980 2226 191.

569 2246 671 2293 adv.
721 2244 1008 2305 Massagetas
1051 2242 1384 2305 expeditionem
1417 2258 1497 2307 pa-

405 2334 426 2341 -
505 2318 576 2359 rat
606 2310 639 2357 i.
675 2313 786 2358 201.
820 2310 916 2355 coll.
942 2312 1052 2357 «204.
1123 2308 1280 2356 Araxe
1309 2312 1497 2372 trajecto

505 2378 536 2424 i.
593 2379 706 2423 207.
737 2382 843 2438 post
892 2373 1101 2436 proelium
1155 2374 1419 2421 acerrimum
1470 2384 1504 2424 a.⁸

501 2441 696 2503 Tomyri
754 2439 912 2502 regina
963 2439 1113 2486 victus
1155 2440 1422 2501 occisusque
1462 2441 1493 2488 i.

501 2511 685 2633 21⁴{fyr-i
727 2570 947 2635 judicium
999 2568 1056 2616 de
1107 2567 1325 2616 fertiliore
1377 2578 1497 2619 terra

487 2636 658 2686 ‘Persis
691 2635 968 2699 adsignanda
999 2634 1061 2680 ix.
1109 2638 1213 2681 122.

569 2702 724 2765 Cyrus
755 2718 782 2747 a
817 2704 908 2747 suis
955 2706 1083 2762 pater
1116 2703 1373 2747 nominatus
1431 2701 1493 2747 iii.

499 2774 583 2817 89.
617 2768 822 2822 laudatur
854 2766 899 2812 iii
947 2768 1049 2812 160.
1083 2766 1180 2811 coll.
1213 2780 1251 2811 c.
1285 2769 1365 2813 34.
1397 2766 1495 2828 ipse

500 2834 654 2885 diuina
685 2848 734 2879 se
766 2830 956 2877 credidit
987 2836 1108 2876 sorte
1139 2836 1296 2876 natum
1325 2832 1356 2879 i.
1384 2832 1492 2879 126.

437 2904 643 3027 Gyettligra
675 2962 762 3008 ins.
819 2958 1096 3021 Argivorum
1131 2962 1314 3011 ditionis
1345 2962 1377 3009 i.
1410 2965 1491 3008 89..

467 3028 719 3089 *templum
765 3026 897 3072 habet
952 3024 1151 3075 Veneris
1185 3026 1400 3077 Coelestis
1433 3041 1493 3073 ex

502 3094 730 3141 Ascalone
777 3090 809 3136 i.
861 3094 967 3138 105.
1024 3108 1123 3141 eam
1169 3092 1495 3141 conducibilius

497 3155 856 3207 Lacedaemoniis
903 3157 1030 3205 obrui
1063 3173 1196 3220 quam
1229 3166 1384 3206 extare
1414 3156 1497 3205 vii.

435 3229 648 3352 Cytptffius
699 3286 846 3334 insuia
877 3286 956 3333 rii.
1005 3291 1086 3335 90.
1139 3288 1232 3336 viii.
1265 3290 1346 3338 67.
1382 3278 1495 3349 Ὀγ-

495 3356 610 3404 tbnii
631 3357 679 3402 in
699 3353 844 3401 classe
863 3353 1016 3399 Graec.
1033 3354 1092 3401 ad
1110 3352 1381 3402 Salaminem
1398 3352 1493 3400 viii.

433 3423 716 3549 Cy4t÷6s⁹sorus
743 3482 916 3532 Pbrixo
938 3484 1122 3549 genitus
1142 3484 1223 3532 vii.
1255 3483 1365 3534 197.
1393 3483 1493 3546 ejrts

494 3558 776 3612 posterorum
796 3550 1028 3599 calamitas
1053 3550 1164 3596 ibid.

432 3614 679 3693 Cynicum,
719 3615 824 3661 urbs
860 3612 1150 3677 Propontidis
1183 3614 1245 3661 iv.
1292 3617 1364 3661 14.
1405 3614 1485 3663 76.

493 3682 811 3806 Ἥ.(8)ἑ’3.1·;.ἰοε’ῐιὶ,
837 3748 872 3792 οἵ
903 3741 1145 3807 Κυζικηνοὶ,
1183 3740 1344 3792 OEbnri
1377 3728 1503 3789 Per..

494 3826 560 3860 ιε
581 3826 632 3857 se
653 3809 852 3865 deduntg
885 3822 1040 3857 eorum
1063 3805 1228 3854 festum
1263 3808 1310 3855 in
1341 3808 1499 3877 hono·-

493 3892 588 3925 rem
615 3874 781 3924 Matris
804 3875 1012 3925 Deorum
1037 3873 1102 3921 iv.
1122 3874 1203 3921 76.

900 4068 971 4117 D.

429 4200 624 4252 Dadicae
641 4214 747 4263 pop.
769 4200 832 4247 iii.
853 4199 935 4247 91.
967 4212 1124 4245 eorum
1146 4197 1194 4245 in
1217 4196 1390 4246 Xerxis
1405 4210 1489 4246 ex-

490 4266 634 4315 ercitu
649 4266 742 4313 dux
763 4276 810 4313 et
831 4270 1056 4313 armatura
1075 4264 1152 4309 vii.
1179 4266 1259 4311 66.
1327 4278 1335 4283 ·

425 4327 672 4379 nasutum
695 4331 891 4393 vestigat
905 4328 1066 4376 Minos
1087 4328 1165 4375 vii.
1190 4328 1299 4378 170.

1165 198 1177 213 .
1248 162 1483 215 INDEX
1516 164 1773 217 RERUM

1573 297 1685 352 Dei,
1700 298 1933 359 nomades,
1960 298 2198 349 Persarum
2219 314 2367 363 genus
2386 301 2424 350 i.
2448 302 2571 349 225.

1573 363 1764 415 Damas.
1786 364 1897 411 olim
1928 366 2015 426 leg.
2042 380 2132 427 pro
2156 365 2404 415 Damasus.

1575 426 1973 489 Damasithytnns,
2023 428 2267 479 candaulis
2312 432 2395 485 fil„
2436 432 2541 479 dux
2598 430 2651 477 in

1636 494 1779 540 classe
1819 492 1989 541 Xerxis
2036 497 2115 542 vii.
2156 502 2237 545 98.
2276 498 2653 558 Calyndensium

1634 572 1720 605 rex
1736 560 1970 607 demersus
1992 560 2047 605 ab
2069 562 2323 609 Artemisia
2348 564 2441 609 viii.
2464 564 2555 609 87.

1572 620 1803 669 Damasus
1826 623 1999 677 Sirites,
2026 626 2258 687 Amyridis
2277 627 2340 673 fil.
2372 628 2436 674 vi.
2470 626 2592 681 127.

1571 686 1757 735 Damiae
1798 698 1852 757 εξ
1890 690 2113 737 Auxesiae
2162 692 2399 739 simulacra
2443 707 2493 740 v.
2556 696 2641 739 82.

1571 816 1749 871 Danae,
1791 818 1959 867 Acrisii
1988 819 2095 873 filia,
2136 820 2293 869 Persei
2322 829 2475 869 mater
2494 820 2531 867 i.
2556 825 2640 870 91.

1634 884 1692 929 vi.
1724 884 1801 931 58.
1832 884 2016 933 vii.·60.
2049 890 2156 933 150.

1569 945 1762 994 Danaus
1784 957 1831 997 et
1854 947 2082 1011 Lynceus,
2110 948 2383 999 Chemmitae
2405 951 2453 998 ii.
2480 954 2571 1004 91.

1568 1012 1775 1065 Danaus,
1798 1015 2049 1062 Archandri
2066 1030 2195 1062 socer
2217 1016 2248 1061 ii
2290 1022 2354 1069 98

1566 1076 1716 1124 Danai
1768 1076 1874 1126 filiae
1916 1078 2274 1142 Thesmophoria
2318 1092 2379 1128 ex
2422 1078 2643 1141 AEgypto

1628 1142 1835 1191 adferunt
1878 1145 1923 1191 ii.
1976 1148 2059 1193 71.
2104 1146 2319 1207 templum
2382 1145 2639 1199 Minervae,

1606 1208 1750 1268 quod
1774 1208 1910 1255 Lindi
1932 1218 2019 1267 est,
2036 1216 2359 1257 exstruxerunt
2392 1211 2442 1257 ii.
2478 1214 2595 1257 182.

1566 1270 1719 1319 Danai
1740 1282 1787 1320 et
1814 1273 1961 1322 Xuthi
1984 1276 2029 1321 in
2064 1274 2433 1338 Peloponnesum
2462 1275 2640 1322 adven·

1628 1344 1707 1384 tus
1740 1338 1815 1385 vii.
1854 1343 1943 1387 94.

1564 1400 1776 1464 Daphnae
1805 1403 2017 1459 Pelusiae,
2060 1406 2231 1465 Δάφναι
2270 1408 2320 1454 αἶ
2356 1409 2635 1463 numus-iac,

1628 1468 1675 1514 in
1700 1468 1910 1531 AEgypto
1934 1470 1961 1515 ii
2000 1472 2079 1517 30.
2116 1472 2221 1519 107.

1565 1529 1790 1596 Daphnis,
1811 1534 2067 1595 Abydenus
2082 1535 2143 1583 iv.
2172 1539 2278 1583 138.

1565 1596 1807 1645 Dardanus
1830 1600 1934 1646 urbs
1954 1614 2001 1663 v.
2036 1604 2141 1650 117.
2158 1599 2443 1647 contermina
2460 1597 2635 1659 Abydo

1628 1663 1701 1709 vii.
1727 1667 1809 1710 48.

1563 1725 1885 1775 Dardanenses
1904 1727 1936 1775 i.
1967 1728 2075 1775 189.
2096 1729 2181 1775 ubi
2198 1730 2287 1776 ssd.
2312 1730 2432 1777 adit.

1564 1790 1757 1847 Daritis,
1780 1809 1883 1856 pop.
1911 1793 2142 1840 Asiaticus
2163 1794 2223 1840 iii.
2246 1797 2325 1841 92.

1564 1854 1777 1911 Dmuus,
1845 1873 1904 1905 ex
1954 1859 2377 1905 Aehaemenidarurn
2432 1856 2627 1917 familia,

1628 1920 1923 1985 Hystaspidis
1936 1922 1998 1969 m.
2023 1922 2221 1970 Persidis
2242 1922 2449 1984 praefecti
2468 1926 2499 1968 i.
2528 1926 2629 1971 2¹¹9

1624 1991 2634 2115 ’.113Ξὲῶ““·.ὲ..“.;.“;;.ἳ“ῑ;ξῒὲῖ;“ῗῖ

1624 2120 1845 2165 coercitor
1869 2120 1928 2165 vi.
1953 2124 2035 2171 98.

1692 2181 1935 2241 cambysis
1950 2182 2175 2243 quondam
2200 2182 2381 2230 satelles
2397 2180 2445 2227 in
2470 2181 2625 2244 AEgy-

1631 2254 1712 2309 pto
1734 2249 1794 2295 iii.
1822 2248 1901 2295 39.
1928 2248 2015 2295 hoc
2034 2258 2225 2301 mortuo,
2251 2262 2309 2295 ex
2336 2245 2525 2294 Perside
2544 2264 2623 2293 ve-

1624 2313 1753 2359 niens
1798 2327 1905 2359 curn
1940 2328 2023 2360 sex
2058 2314 2283 2359 nobilibus
2322 2311 2477 2359 Persis
2518 2313 2623 2359 adv.

1624 2376 1817 2439 Magum
1840 2379 2045 2441 conjurat
2068 2378 2127 2425 iii.
2150 2383 2213 2427 70
2234 2392 2271 2425 se
2282 2394 2361 2440 qq.
2384 2392 2533 2438 eoque
2548 2378 2619 2425 in-

1620 2442 1811 2489 terfecto
1860 2458 1943 2504 pro
1996 2442 2275 2490 monarchia·
2307 2443 2623 2489 constituenda

1620 2508 1887 2554 sententiam
1909 2506 1997 2554 fert
2020 2509 2081 2554 iii.
2114 2510 2191 2557 82.
2218 2522 2299 2569 per
2338 2507 2443 2567 equi
2468 2508 2621 2555 hinni-

1621 2578 1719 2619 tum
1742 2572 1849 2619 Rex
1864 2572 2125 2635 designatus
2148 2572 2389 2621 Persarum
2406 2572 2467 2617 iii.
2491 2577 2620 2621 84-

1622 2640 1700 2686 87.
1724 2638 1981 2684 universum
2022 2638 2255 2700 imperium
2278 2638 2325 2683 in
2348 2651 2429 2683 xx.
2465 2636 2617 2685 Satra-

1620 2702 1717 2763 pias
1752 2702 1987 2756 distribuit,
2038 2712 2085 2749 et
2122 2703 2287 2750 tributa
2330 2702 2507 2749 ordinat
2552 2703 2609 2749 iii.

1620 2770 1834 2816 88-96,
1859 2768 1925 2831 (f
1938 2782 1977 2813 c.
1995 2767 2337 2817 ll7.—reditus
2350 2768 2448 2829 ejus
2463 2774 2509 2814 et
2524 2767 2615 2814 suri

1620 2832 1855 2880 thesaurus
1875 2834 1936 2879 iii.
1962 2836 2023 2880 95
2040 2848 2131 2895 seq.
2165 2846 2223 2878 ex
2244 2846 2355 2878 auro
2377 2833 2611 2894 purissimo

1618 2905 1845 2945 monetam
1861 2898 2140 2960 procuditiv.
2163 2897 2271 2945 166.
2284 2896 2499 2944 —Persae
2512 2912 2610 2945 eum

1618 2970 1825 3021 κᾶπηλῦν,
1856 2964 1891 3009 ‘a
1927 2978 1965 3009 eo
2003 2964 2267 3017 inuam,
2292 2960 2533 3009 nominant
2552 2962 2610 3009 ffi-

1692 3090 1899 3145 Oroeten,
1940 3089 2155 3139 Sardibus
2190 3090 2477 3155 prae‘fectum‚
2524 3090 2605 3155 (ef.

1616 3155 1677 3202 iii.
1731 3157 1823 3203 120
1860 3157 1978 3217 scq.)
2034 3156 2319 3205 rebellantem
2362 3156 2605 3204 necandum

1618 3228 1744 3268 curat
1779 3222 1842 3268 iii.
1876 3221 2145 3268 126—-1‘2-8.
2184 3222 2490 3283 Sylo'sontem,
2524 3220 2609 3267 Po-

1617 3287 1801 3348 lycratis
1851 3285 2056 3345 fratrem,
2090 3302 2170 3348 per
2206 3286 2405 3334 Otanern
2438 3287 2485 3333 in
2529 3285 2605 3332 Sa-

1616 3352 1680 3398 mi
1714 3351 1949 3413 imperium
1986 3352 2182 3399 restituit
2226 3352 2291 3399 iii.
2340 3350 2603 3415 las—141.

1615 3418 1720 3464 coll.
1738 3431 1777 3462 c.
1814 3417 1906 3463 144
1932 3432 2055 3477 seqq.

1679 3480 1849 3528 fossam
1872 3494 1931 3528 ex
1972 3480 2083 3528 Nilo
2102 3481 2151 3527 in
2190 3481 2437 3529 Arabicum
2461 3480 2599 3527 sinum

1614 3546 1739 3593 ducit
1775 3545 1839 3593 iv.
1874 3550 1952 3594 39.
1994 3548 2053 3603 cf.
2086 3544 2132 3593 ii.
2168 3546 2275 3595 158.
2308 3554 2418 3593 ante
2438 3543 2599 3591 vulco·

1616 3612 1664 3658 ni
1686 3610 1904 3673 templum
1927 3610 2138 3673 Memphi
2160 3619 2352 3660 statuam
2385 3608 2472 3657 sibi
2502 3608 2599 3673 poni

1540 3694 1548 3701 ·
1614 3676 1921 3738 frustrsjubet
1943 3676 1987 3722 ii.
2017 3680 2123 3723 110.
2210 3665 2229 3705 ⁸

1679 3742 1782 3787 adv.
1826 3740 2101 3803 Bahlonios
2141 3734 2425 3787 rebellantes'
2468 3737 2595 3795 ducit,

1613 3797 1664 3853 ἃ
1694 3805 1972 3867 ΒᾳδγΙοηεω
2016 3804 2093 3853 diu
2135 3806 2377 3860 obsessam,
2426 3800 2623 3851 tandem'

1614 3886 1733 3934 perf
1744 3861 1914 3934 Zopyri
1960 3870 2113 3917 dolum
2168 3872 2302 3933 capit,
2357 3876 2405 3917 et
2452 3882 2599 3915 muros

1614 3942 1855 4000 portasque
1881 3935 2017 3984 diruit
2046 3936 2110 3982 iii.
2136 3935 2411 3983 150—160.
2448 3934 2505 3981 ibi
2524 3948 2599 3995 pe·

1612 4002 1847 4050 cuniarum
1886 4016 1967 4063 spe
1983 4000 2241 4054 frustratus,
2276 3999 2489 4062 sepulcro
2516 3997 2597 4045 Ni·

1613 4066 1797 4115 tocridis
1843 4074 2000 4128 aperto
2043 4066 2073 4111 i.
2110 4065 2221 4115 187.
2272 4079 2424 4115 aureae
2470 4062 2599 4114 Jovh

1612 4130 1717 4179 Beli
1748 4136 1913 4178 statuae
1942 4130 2178 4178 insidiatur
2207 4131 2239 4177 i.
2262 4129 2374 4179 188.

1612 4195 2195 4323 ...ἳξῗῖηὲἔῗωέῗὲἲ
2213 4194 2599 4310 23025'2'4521

1613 4341 1717 4373 men
1740 4340 1903 4374 omnes
1922 4326 1983 4373 iii.
2010 4325 2123 4373 101.
