<?xml version="1.0" encoding="UTF-8"?>
<!DOCTYPE html PUBLIC "-//W3C//DTD XHTML 1.0 Transitional//EN"
    "http://www.w3.org/TR/xhtml1/DTD/xhtml1-transitional.dtd">
<html xmlns="http://www.w3.org/1999/xhtml" xml:lang="en" lang="en">
 <head>
  <title>
</title>
<meta http-equiv="Content-Type" content="text/html;charset=utf-8" />
  <meta name='ocr-system' content='tesseract 3.04.00' />
  <meta name='ocr-capabilities' content='ocr_page ocr_carea ocr_par ocr_line ocrx_word'/>
</head>
<body>
  <div class='ocr_page' id='page_1' title='image "./herodotimussive00unkngoog_0599.png"; bbox 0 0 2850 4792; ppageno 0'>
   <div class='ocr_carea' id='block_1_1' title="bbox 1085 188 1709 271">
    <p class='ocr_par' dir='ltr' id='par_1_1' title="bbox 1085 188 1709 271">
     <span class='ocr_line' id='line_1_1' title="bbox 1085 188 1709 271; baseline 0.01 -6"><span class='ocrx_word' id='word_1_1' title='bbox 1085 210 1178 265; x_wconf 65' lang='lat' dir='ltr'><strong>rer</strong></span> <span class='ocrx_word' id='word_1_2' title='bbox 1208 188 1709 271; x_wconf 69' lang='lat' dir='ltr'><strong>Pansomatm.</strong></span> 
     </span>
    </p>
   </div>
   <div class='ocr_carea' id='block_1_2' title="bbox 251 344 1320 2237">
    <p class='ocr_par' dir='ltr' id='par_1_2' title="bbox 312 344 1320 1377">
     <span class='ocr_line' id='line_1_2' title="bbox 377 344 1302 411; baseline 0.006 -17"><span class='ocrx_word' id='word_1_3' title='bbox 377 368 484 401; x_wconf 70' lang='lat' dir='ltr'><strong>cum</strong></span> <span class='ocrx_word' id='word_1_4' title='bbox 529 344 770 411; x_wconf 46' lang='lat' dir='ltr'><strong>Cyrenas</strong></span> <span class='ocrx_word' id='word_1_5' title='bbox 812 350 1015 397; x_wconf 82' lang='lat' dir='ltr'><strong>mutuam</strong></span> <span class='ocrx_word' id='word_1_6' title='bbox 1060 348 1302 399; x_wconf 82' lang='lat' dir='ltr'><strong>amicitiam</strong></span> 
     </span>
     <span class='ocr_line' id='line_1_3' title="bbox 312 416 1312 479; baseline -0.001 -14"><span class='ocrx_word' id='word_1_7' title='bbox 312 418 539 466; x_wconf 85' lang='lat' dir='ltr'><strong>contrahit</strong></span> <span class='ocrx_word' id='word_1_8' title='bbox 577 422 610 464; x_wconf 82' lang='lat' dir='ltr'><strong>i.</strong></span> <span class='ocrx_word' id='word_1_9' title='bbox 659 422 767 467; x_wconf 90' lang='grc'><strong>181.</strong></span> <span class='ocrx_word' id='word_1_10' title='bbox 813 422 862 463; x_wconf 88' lang='lat' dir='ltr'><strong>et</strong></span> <span class='ocrx_word' id='word_1_11' title='bbox 890 416 1038 463; x_wconf 79' lang='lat' dir='ltr'><strong>soedus</strong></span> <span class='ocrx_word' id='word_1_12' title='bbox 1077 418 1312 479; x_wconf 75' lang='lat' dir='ltr'><strong>componit</strong></span> 
     </span>
     <span class='ocr_line' id='line_1_4' title="bbox 319 481 1308 544; baseline -0.001 -14"><span class='ocrx_word' id='word_1_13' title='bbox 319 499 423 531; x_wconf 90' lang='lat' dir='ltr'><strong>cum</strong></span> <span class='ocrx_word' id='word_1_14' title='bbox 459 481 622 532; x_wconf 85' lang='lat' dir='ltr'><strong>Croeso</strong></span> <span class='ocrx_word' id='word_1_15' title='bbox 673 484 704 530; x_wconf 88' lang='lat' dir='ltr'><strong>i.</strong></span> <span class='ocrx_word' id='word_1_16' title='bbox 741 483 822 532; x_wconf 88' lang='grc'><strong>77.</strong></span> <span class='ocrx_word' id='word_1_17' title='bbox 872 481 1054 544; x_wconf 88' lang='lat' dir='ltr'><strong>hospitii</strong></span> <span class='ocrx_word' id='word_1_18' title='bbox 1100 482 1179 544; x_wconf 87' lang='lat' dir='ltr'><strong>jus</strong></span> <span class='ocrx_word' id='word_1_19' title='bbox 1205 496 1308 529; x_wconf 88' lang='lat' dir='ltr'><strong>cum</strong></span> 
     </span>
     <span class='ocr_line' id='line_1_5' title="bbox 316 546 1312 609; baseline -0.001 -14"><span class='ocrx_word' id='word_1_20' title='bbox 316 547 561 609; x_wconf 76' lang='lat' dir='ltr'><strong>Polycrate</strong></span> <span class='ocrx_word' id='word_1_21' title='bbox 595 554 876 595; x_wconf 88' lang='lat' dir='ltr'><strong>contractum</strong></span> <span class='ocrx_word' id='word_1_22' title='bbox 909 554 1092 609; x_wconf 84' lang='lat' dir='ltr'><strong>propter</strong></span> <span class='ocrx_word' id='word_1_23' title='bbox 1123 546 1312 594; x_wconf 85' lang='lat' dir='ltr'><strong>nimiam</strong></span> 
     </span>
     <span class='ocr_line' id='line_1_6' title="bbox 315 610 1313 677; baseline 0 -18"><span class='ocrx_word' id='word_1_24' title='bbox 315 613 449 677; x_wconf 80' lang='lat' dir='ltr'><strong>hujus</strong></span> <span class='ocrx_word' id='word_1_25' title='bbox 493 613 757 660; x_wconf 72' lang='lat' dir='ltr'><strong>felicitatem</strong></span> <span class='ocrx_word' id='word_1_26' title='bbox 807 611 942 658; x_wconf 88' lang='lat' dir='ltr'><strong>solvit</strong></span> <span class='ocrx_word' id='word_1_27' title='bbox 990 610 1051 657; x_wconf 86' lang='lat' dir='ltr'><strong>iii.</strong></span> <span class='ocrx_word' id='word_1_28' title='bbox 1101 613 1313 659; x_wconf 76' lang='lat'>40-43.</span> 
     </span>
     <span class='ocr_line' id='line_1_7' title="bbox 315 675 1314 741; baseline -0.001 -17"><span class='ocrx_word' id='word_1_29' title='bbox 315 678 488 741; x_wconf 85' lang='lat' dir='ltr'><strong>primus</strong></span> <span class='ocrx_word' id='word_1_30' title='bbox 533 676 739 740; x_wconf 83' lang='lat' dir='ltr'>Cyprum</span> <span class='ocrx_word' id='word_1_31' title='bbox 773 677 911 738; x_wconf 84' lang='lat' dir='ltr'><strong>capit,</strong></span> <span class='ocrx_word' id='word_1_32' title='bbox 947 675 1314 738; x_wconf 87' lang='lat' dir='ltr'><strong>tributariamque</strong></span> 
     </span>
     <span class='ocr_line' id='line_1_8' title="bbox 315 740 1310 803; baseline -0.002 -14"><span class='ocrx_word' id='word_1_33' title='bbox 315 742 428 789; x_wconf 75' lang='lat' dir='ltr'><strong>facit</strong></span> <span class='ocrx_word' id='word_1_34' title='bbox 475 743 524 789; x_wconf 90' lang='lat' dir='ltr'><strong>ii.</strong></span> <span class='ocrx_word' id='word_1_35' title='bbox 587 746 695 791; x_wconf 83' lang='grc'><strong>182.</strong></span> <span class='ocrx_word' id='word_1_36' title='bbox 794 741 1055 803; x_wconf 78' lang='lat' dir='ltr'><strong>Cambysen</strong></span> <span class='ocrx_word' id='word_1_37' title='bbox 1121 740 1310 799; x_wconf 83' lang='lat' dir='ltr'><strong>deludit,</strong></span> 
     </span>
     <span class='ocr_line' id='line_1_9' title="bbox 316 804 1316 871; baseline -0.002 -16"><span class='ocrx_word' id='word_1_38' title='bbox 316 809 456 855; x_wconf 87' lang='lat' dir='ltr'><strong>missa</strong></span> <span class='ocrx_word' id='word_1_39' title='bbox 489 806 648 871; x_wconf 78' lang='lat' dir='ltr'><strong>Apriae</strong></span> <span class='ocrx_word' id='word_1_40' title='bbox 682 806 772 853; x_wconf 82' lang='lat' dir='ltr'><strong>lilia</strong></span> <span class='ocrx_word' id='word_1_41' title='bbox 801 822 884 869; x_wconf 85' lang='lat' dir='ltr'><strong>pro</strong></span> <span class='ocrx_word' id='word_1_42' title='bbox 918 820 1000 853; x_wconf 90' lang='lat' dir='ltr'><strong>sua</strong></span> <span class='ocrx_word' id='word_1_43' title='bbox 1030 807 1094 853; x_wconf 87' lang='lat' dir='ltr'><strong>iii.</strong></span> <span class='ocrx_word' id='word_1_44' title='bbox 1135 811 1177 853; x_wconf 94' lang='grc'><strong>1.</strong></span> <span class='ocrx_word' id='word_1_45' title='bbox 1209 804 1316 853; x_wconf 85' lang='lat' dir='ltr'><strong>inde</strong></span> 
     </span>
     <span class='ocr_line' id='line_1_10' title="bbox 313 870 1314 935; baseline -0.001 -15"><span class='ocrx_word' id='word_1_46' title='bbox 313 872 486 921; x_wconf 83' lang='lat' dir='ltr'><strong>belium</strong></span> <span class='ocrx_word' id='word_1_47' title='bbox 542 871 782 935; x_wconf 85' lang='lat' dir='ltr'><strong>AEgyptiis</strong></span> <span class='ocrx_word' id='word_1_48' title='bbox 815 886 918 918; x_wconf 89' lang='lat' dir='ltr'><strong>cum</strong></span> <span class='ocrx_word' id='word_1_49' title='bbox 956 870 1139 920; x_wconf 73' lang='lat' dir='ltr'><strong>Persiss</strong></span> <span class='ocrx_word' id='word_1_50' title='bbox 1204 872 1314 919; x_wconf 72' lang='lat' dir='ltr'><strong>ibid.</strong></span> 
     </span>
     <span class='ocr_line' id='line_1_11' title="bbox 313 934 1317 999; baseline 0.001 -16"><span class='ocrx_word' id='word_1_51' title='bbox 313 952 404 999; x_wconf 85' lang='lat' dir='ltr'><strong>quo</strong></span> <span class='ocrx_word' id='word_1_52' title='bbox 447 937 710 984; x_wconf 83' lang='lat' dir='ltr'><strong>imminente</strong></span> <span class='ocrx_word' id='word_1_53' title='bbox 762 934 947 983; x_wconf 85' lang='lat' dir='ltr'><strong>Amasis</strong></span> <span class='ocrx_word' id='word_1_54' title='bbox 989 948 1198 984; x_wconf 85' lang='lat' dir='ltr'><strong>mortuus</strong></span> <span class='ocrx_word' id='word_1_55' title='bbox 1246 943 1317 984; x_wconf 85' lang='lat' dir='ltr'><strong>est</strong></span> 
     </span>
     <span class='ocr_line' id='line_1_12' title="bbox 314 1001 1319 1066; baseline 0 -17"><span class='ocrx_word' id='word_1_56' title='bbox 314 1003 380 1051; x_wconf 88' lang='lat' dir='ltr'><strong>iii.</strong></span> <span class='ocrx_word' id='word_1_57' title='bbox 432 1007 504 1050; x_wconf 93' lang='grc'><strong>10.</strong></span> <span class='ocrx_word' id='word_1_58' title='bbox 553 1003 600 1049; x_wconf 86' lang='lat' dir='ltr'><strong>in</strong></span> <span class='ocrx_word' id='word_1_59' title='bbox 633 1004 730 1066; x_wconf 87' lang='lat' dir='ltr'><strong>ejus</strong></span> <span class='ocrx_word' id='word_1_60' title='bbox 763 1001 954 1051; x_wconf 82' lang='lat' dir='ltr'><strong>cadaver</strong></span> <span class='ocrx_word' id='word_1_61' title='bbox 985 1001 1153 1049; x_wconf 77' lang='lat' dir='ltr'><strong>nefarie</strong></span> <span class='ocrx_word' id='word_1_62' title='bbox 1185 1002 1319 1049; x_wconf 74' lang='lat' dir='ltr'><strong>saevit</strong></span> 
     </span>
     <span class='ocr_line' id='line_1_13' title="bbox 315 1065 1011 1145; baseline -0.004 -29"><span class='ocrx_word' id='word_1_63' title='bbox 315 1065 568 1129; x_wconf 85' lang='lat' dir='ltr'><strong>Cambyses</strong></span> <span class='ocrx_word' id='word_1_64' title='bbox 589 1067 652 1113; x_wconf 86' lang='lat' dir='ltr'><strong>iii.</strong></span> <span class='ocrx_word' id='word_1_65' title='bbox 681 1068 753 1114; x_wconf 87' lang='lat'><strong>16.</strong></span> <span class='ocrx_word' id='word_1_66' title='bbox 851 1130 864 1143; x_wconf 88' lang='lat'><strong>.</strong></span> <span class='ocrx_word' id='word_1_67' title='bbox 981 1130 1011 1145; x_wconf 80' lang='lat'><strong>..</strong></span> 
     </span>
     <span class='ocr_line' id='line_1_14' title="bbox 316 1129 1319 1245; baseline -0.002 -1"><span class='ocrx_word' id='word_1_68' title='bbox 316 1148 477 1244; x_wconf 47' lang='lat'>‘103⁰‘</span> <span class='ocrx_word' id='word_1_69' title='bbox 495 1129 1319 1245; x_wconf 56' lang='lat' dir='ltr'><strong>÷5P²3ae23253⁶31³323¹·assi{;22⁷31</strong></span> 
     </span>
     <span class='ocr_line' id='line_1_15' title="bbox 322 1260 1320 1325; baseline -0.002 -14"><span class='ocrx_word' id='word_1_70' title='bbox 322 1265 428 1311; x_wconf 83' lang='grc'><strong>182.</strong></span> <span class='ocrx_word' id='word_1_71' title='bbox 475 1262 582 1309; x_wconf 88' lang='lat' dir='ltr'><strong>linei</strong></span> <span class='ocrx_word' id='word_1_72' title='bbox 613 1261 820 1309; x_wconf 76' lang='lat' dir='ltr'><strong>thoraces</strong></span> <span class='ocrx_word' id='word_1_73' title='bbox 849 1262 1035 1309; x_wconf 73' lang='lat' dir='ltr'><strong>intextis</strong></span> <span class='ocrx_word' id='word_1_74' title='bbox 1063 1260 1224 1325; x_wconf 83' lang='lat' dir='ltr'><strong>figuris</strong></span> <span class='ocrx_word' id='word_1_75' title='bbox 1241 1276 1320 1309; x_wconf 86' lang='lat' dir='ltr'><strong>or-</strong></span> 
     </span>
     <span class='ocr_line' id='line_1_16' title="bbox 317 1326 616 1377; baseline 0 -4"><span class='ocrx_word' id='word_1_76' title='bbox 317 1327 409 1373; x_wconf 88' lang='lat' dir='ltr'><strong>nati</strong></span> <span class='ocrx_word' id='word_1_77' title='bbox 441 1326 502 1374; x_wconf 89' lang='lat' dir='ltr'><strong>iii.</strong></span> <span class='ocrx_word' id='word_1_78' title='bbox 535 1329 616 1377; x_wconf 81' lang='lat'><strong>47.</strong></span> 
     </span>
    </p>

    <p class='ocr_par' dir='ltr' id='par_1_3' title="bbox 253 1389 1318 1701">
     <span class='ocr_line' id='line_1_17' title="bbox 253 1389 1318 1454; baseline -0.006 -13"><span class='ocrx_word' id='word_1_79' title='bbox 253 1392 460 1446; x_wconf 78' lang='lat' dir='ltr'><strong>Amasis,</strong></span> <span class='ocrx_word' id='word_1_80' title='bbox 497 1391 568 1438; x_wconf 77' lang='lat' dir='ltr'><strong>vir</strong></span> <span class='ocrx_word' id='word_1_81' title='bbox 600 1391 883 1454; x_wconf 86' lang='lat' dir='ltr'><strong>Maraphius,</strong></span> <span class='ocrx_word' id='word_1_82' title='bbox 917 1391 1011 1438; x_wconf 87' lang='lat' dir='ltr'><strong>dux</strong></span> <span class='ocrx_word' id='word_1_83' title='bbox 1044 1389 1172 1439; x_wconf 89' lang='lat' dir='ltr'><strong>Pers.</strong></span> <span class='ocrx_word' id='word_1_84' title='bbox 1207 1406 1318 1439; x_wconf 89' lang='lat' dir='ltr'><strong>con..</strong></span> 
     </span>
     <span class='ocr_line' id='line_1_18' title="bbox 317 1454 1309 1520; baseline -0.002 -15"><span class='ocrx_word' id='word_1_85' title='bbox 317 1465 390 1506; x_wconf 81' lang='lat' dir='ltr'><strong>tra</strong></span> <span class='ocrx_word' id='word_1_86' title='bbox 421 1456 636 1505; x_wconf 88' lang='lat' dir='ltr'><strong>Barcaeos</strong></span> <span class='ocrx_word' id='word_1_87' title='bbox 667 1458 728 1504; x_wconf 80' lang='lat' dir='ltr'><strong>iv.</strong></span> <span class='ocrx_word' id='word_1_88' title='bbox 775 1460 879 1506; x_wconf 84' lang='grc'><strong>167.</strong></span> <span class='ocrx_word' id='word_1_89' title='bbox 913 1454 1092 1503; x_wconf 85' lang='lat' dir='ltr'><strong>Barcen</strong></span> <span class='ocrx_word' id='word_1_90' title='bbox 1127 1457 1202 1503; x_wconf 87' lang='lat' dir='ltr'><strong>diu</strong></span> <span class='ocrx_word' id='word_1_91' title='bbox 1225 1472 1309 1520; x_wconf 85' lang='lat' dir='ltr'><strong>op-</strong></span> 
     </span>
     <span class='ocr_line' id='line_1_19' title="bbox 315 1520 1308 1651; baseline -0.001 -16"><span class='ocrx_word' id='word_1_92' title='bbox 315 1522 715 1649; x_wconf 43' lang='lat' dir='ltr'><strong>izffmfficssffssssss</strong></span> <span class='ocrx_word' id='word_1_93' title='bbox 747 1520 1308 1651; x_wconf 49' lang='lat' dir='ltr'><strong>„tassimata</strong></span> 
     </span>
     <span class='ocr_line' id='line_1_20' title="bbox 317 1653 623 1701; baseline 0 -1"><span class='ocrx_word' id='word_1_94' title='bbox 317 1659 384 1700; x_wconf 83' lang='lat' dir='ltr'><strong>tat</strong></span> <span class='ocrx_word' id='word_1_95' title='bbox 415 1653 476 1700; x_wconf 79' lang='lat' dir='ltr'><strong>iv.</strong></span> <span class='ocrx_word' id='word_1_96' title='bbox 509 1657 623 1701; x_wconf 89' lang='grc'><strong>208.</strong></span> 
     </span>
    </p>

    <p class='ocr_par' dir='ltr' id='par_1_4' title="bbox 251 1714 1304 1781">
     <span class='ocr_line' id='line_1_21' title="bbox 251 1714 1304 1781; baseline -0.004 -12"><span class='ocrx_word' id='word_1_97' title='bbox 251 1717 561 1773; x_wconf 82' lang='lat' dir='ltr'><strong>Amathuntis,</strong></span> <span class='ocrx_word' id='word_1_98' title='bbox 583 1714 891 1779; x_wconf 62' lang='grc' dir='ltr'><strong>Ἀμαθοῦντος,</strong></span> <span class='ocrx_word' id='word_1_99' title='bbox 913 1717 1035 1765; x_wconf 85' lang='lat' dir='ltr'><strong>urbis</strong></span> <span class='ocrx_word' id='word_1_100' title='bbox 1067 1718 1114 1764; x_wconf 91' lang='lat' dir='ltr'><strong>in</strong></span> <span class='ocrx_word' id='word_1_101' title='bbox 1147 1714 1304 1781; x_wconf 87' lang='lat' dir='ltr'><strong>Cypro</strong></span> 
     </span>
    </p>

    <p class='ocr_par' dir='ltr' id='par_1_5' title="bbox 317 1780 1304 1837">
     <span class='ocr_line' id='line_1_22' title="bbox 317 1780 1304 1837; baseline 0 -6"><span class='ocrx_word' id='word_1_102' title='bbox 317 1784 487 1831; x_wconf 87' lang='lat' dir='ltr'><strong>obsidio</strong></span> <span class='ocrx_word' id='word_1_103' title='bbox 550 1784 605 1829; x_wconf 88' lang='lat' dir='ltr'><strong>ab</strong></span> <span class='ocrx_word' id='word_1_104' title='bbox 670 1780 874 1837; x_wconf 89' lang='lat' dir='ltr'><strong>Onesilo,</strong></span> <span class='ocrx_word' id='word_1_105' title='bbox 952 1783 1304 1831; x_wconf 81' lang='lat' dir='ltr'><strong>Salaminiorum</strong></span> 
     </span>
    </p>

    <p class='ocr_par' dir='ltr' id='par_1_6' title="bbox 315 1847 1308 2035">
     <span class='ocr_line' id='line_1_23' title="bbox 315 1847 1301 1911; baseline 0 -16"><span class='ocrx_word' id='word_1_106' title='bbox 315 1863 438 1911; x_wconf 79' lang='lat' dir='ltr'><strong>rege,</strong></span> <span class='ocrx_word' id='word_1_107' title='bbox 481 1848 687 1895; x_wconf 82' lang='lat' dir='ltr'><strong>instituta</strong></span> <span class='ocrx_word' id='word_1_108' title='bbox 717 1861 762 1892; x_wconf 78' lang='lat' dir='ltr'><strong>v.</strong></span> <span class='ocrx_word' id='word_1_109' title='bbox 805 1850 895 1895; x_wconf 78' lang='lat'><strong>104</strong></span> <span class='ocrx_word' id='word_1_110' title='bbox 926 1862 1020 1910; x_wconf 83' lang='lat' dir='ltr'><strong>seq.</strong></span> <span class='ocrx_word' id='word_1_111' title='bbox 1055 1849 1136 1895; x_wconf 86' lang='lat' dir='ltr'><strong>sed</strong></span> <span class='ocrx_word' id='word_1_112' title='bbox 1181 1847 1301 1895; x_wconf 87' lang='lat' dir='ltr'><strong>Per-</strong></span> 
     </span>
     <span class='ocr_line' id='line_1_24' title="bbox 316 1910 1308 1979; baseline 0.002 -18"><span class='ocrx_word' id='word_1_113' title='bbox 316 1928 470 1961; x_wconf 90' lang='lat' dir='ltr'><strong>sarum</strong></span> <span class='ocrx_word' id='word_1_114' title='bbox 506 1914 704 1961; x_wconf 84' lang='lat' dir='ltr'><strong>adventu</strong></span> <span class='ocrx_word' id='word_1_115' title='bbox 743 1910 955 1960; x_wconf 79' lang='lat' dir='ltr'><strong>frustrata</strong></span> <span class='ocrx_word' id='word_1_116' title='bbox 1000 1928 1042 1960; x_wconf 80' lang='lat' dir='ltr'><strong>v.</strong></span> <span class='ocrx_word' id='word_1_117' title='bbox 1089 1916 1180 1960; x_wconf 87' lang='grc'><strong>108</strong></span> <span class='ocrx_word' id='word_1_118' title='bbox 1213 1928 1308 1979; x_wconf 81' lang='lat' dir='ltr'><strong>seq.</strong></span> 
     </span>
     <span class='ocr_line' id='line_1_25' title="bbox 382 1976 1302 2035; baseline -0.001 -10"><span class='ocrx_word' id='word_1_119' title='bbox 382 1978 655 2032; x_wconf 83' lang='lat' dir='ltr'><strong>Amathusii‚</strong></span> <span class='ocrx_word' id='word_1_120' title='bbox 711 1990 817 2023; x_wconf 87' lang='lat' dir='ltr'><strong>cum</strong></span> <span class='ocrx_word' id='word_1_121' title='bbox 872 1976 1028 2025; x_wconf 82' lang='lat' dir='ltr'><strong>Medis</strong></span> <span class='ocrx_word' id='word_1_122' title='bbox 1069 1976 1302 2035; x_wconf 78' lang='lat' dir='ltr'><strong>facientes,</strong></span> 
     </span>
    </p>

    <p class='ocr_par' dir='ltr' id='par_1_7' title="bbox 308 2047 502 2095">
     <span class='ocr_line' id='line_1_26' title="bbox 308 2047 502 2095; baseline 0 -4"><span class='ocrx_word' id='word_1_123' title='bbox 308 2060 356 2092; x_wconf 84' lang='lat' dir='ltr'><strong>v.</strong></span> <span class='ocrx_word' id='word_1_124' title='bbox 395 2047 502 2095; x_wconf 79' lang='lat'>104.</span> 
     </span>
    </p>

    <p class='ocr_par' dir='ltr' id='par_1_8' title="bbox 313 2106 1307 2173">
     <span class='ocr_line' id='line_1_27' title="bbox 313 2106 1307 2173; baseline 0.002 -18"><span class='ocrx_word' id='word_1_125' title='bbox 313 2109 513 2173; x_wconf 87' lang='lat' dir='ltr'><strong>priorum</strong></span> <span class='ocrx_word' id='word_1_126' title='bbox 571 2106 796 2155; x_wconf 76' lang='lat' dir='ltr'><strong>Salamina</strong></span> <span class='ocrx_word' id='word_1_127' title='bbox 849 2106 1101 2165; x_wconf 83' lang='lat' dir='ltr'><strong>interfecto,</strong></span> <span class='ocrx_word' id='word_1_128' title='bbox 1134 2108 1307 2157; x_wconf 86' lang='lat' dir='ltr'><strong>oraculi</strong></span> 
     </span>
    </p>

    <p class='ocr_par' dir='ltr' id='par_1_9' title="bbox 305 2171 1238 2237">
     <span class='ocr_line' id='line_1_28' title="bbox 305 2171 1238 2237; baseline -0.001 -16"><span class='ocrx_word' id='word_1_129' title='bbox 305 2174 458 2237; x_wconf 87' lang='lat' dir='ltr'><strong>jussu,</strong></span> <span class='ocrx_word' id='word_1_130' title='bbox 493 2188 641 2221; x_wconf 80' lang='lat' dir='ltr'><strong>annua</strong></span> <span class='ocrx_word' id='word_1_131' title='bbox 682 2186 808 2219; x_wconf 86' lang='lat' dir='ltr'><strong>sacra</strong></span> <span class='ocrx_word' id='word_1_132' title='bbox 837 2171 1008 2219; x_wconf 75' lang='lat' dir='ltr'><strong>faciunt</strong></span> <span class='ocrx_word' id='word_1_133' title='bbox 1041 2188 1086 2220; x_wconf 79' lang='lat' dir='ltr'><strong>v.</strong></span> <span class='ocrx_word' id='word_1_134' title='bbox 1131 2175 1238 2221; x_wconf 81' lang='lat'>114.</span> 
     </span>
    </p>
   </div>
   <div class='ocr_carea' id='block_1_3' title="bbox 251 2234 1306 2303">
    <p class='ocr_par' dir='ltr' id='par_1_10' title="bbox 251 2234 1306 2303">
     <span class='ocr_line' id='line_1_29' title="bbox 251 2234 1306 2303; baseline -0.008 -14"><span class='ocrx_word' id='word_1_135' title='bbox 251 2238 592 2303; x_wconf 80' lang='lat' dir='ltr'><strong>Amaxampeus</strong></span> <span class='ocrx_word' id='word_1_136' title='bbox 621 2237 726 2283; x_wconf 79' lang='lat' dir='ltr'><strong>olim</strong></span> <span class='ocrx_word' id='word_1_137' title='bbox 745 2237 980 2297; x_wconf 73' lang='lat' dir='ltr'><strong>legebatur</strong></span> <span class='ocrx_word' id='word_1_138' title='bbox 1006 2252 1096 2301; x_wconf 80' lang='lat' dir='ltr'><strong>pro</strong></span> <span class='ocrx_word' id='word_1_139' title='bbox 1132 2234 1306 2287; x_wconf 73' lang='lat' dir='ltr'><strong>Exam-</strong></span> 
     </span>
    </p>
   </div>
   <div class='ocr_carea' id='block_1_4' title="bbox 250 2319 1304 2438">
    <p class='ocr_par' dir='ltr' id='par_1_11' title="bbox 250 2319 1304 2438">
     <span class='ocr_line' id='line_1_30' title="bbox 250 2319 1304 2438; baseline -0.001 -21"><span class='ocrx_word' id='word_1_140' title='bbox 250 2319 556 2425; x_wconf 49' lang='lat' dir='ltr'><strong>Axffizfflnis,</strong></span> <span class='ocrx_word' id='word_1_141' title='bbox 605 2365 836 2438; x_wconf 68' lang='lat' dir='ltr'><strong>oiorpata,</strong></span> <span class='ocrx_word' id='word_1_142' title='bbox 867 2368 1086 2425; x_wconf 64' lang='lat' dir='ltr'><strong>vir-ictae,</strong></span> <span class='ocrx_word' id='word_1_143' title='bbox 1121 2384 1152 2417; x_wconf 73' lang='lat' dir='ltr'><strong>a</strong></span> <span class='ocrx_word' id='word_1_144' title='bbox 1185 2366 1304 2431; x_wconf 77' lang='lat' dir='ltr'><strong>sey-</strong></span> 
     </span>
    </p>
   </div>
   <div class='ocr_carea' id='block_1_5' title="bbox 313 2432 1302 2487">
    <p class='ocr_par' dir='ltr' id='par_1_12' title="bbox 313 2432 1302 2487">
     <span class='ocr_line' id='line_1_31' title="bbox 313 2432 1302 2487; baseline -0.001 -5"><span class='ocrx_word' id='word_1_145' title='bbox 313 2435 406 2483; x_wconf 87' lang='lat' dir='ltr'><strong>this</strong></span> <span class='ocrx_word' id='word_1_146' title='bbox 437 2432 698 2487; x_wconf 85' lang='lat' dir='ltr'><strong>nominatae,</strong></span> <span class='ocrx_word' id='word_1_147' title='bbox 745 2447 850 2480; x_wconf 89' lang='lat' dir='ltr'><strong>cum</strong></span> <span class='ocrx_word' id='word_1_148' title='bbox 902 2432 1081 2482; x_wconf 83' lang='lat' dir='ltr'><strong>Graecis</strong></span> <span class='ocrx_word' id='word_1_149' title='bbox 1128 2434 1302 2481; x_wconf 84' lang='lat' dir='ltr'><strong>bellum</strong></span> 
     </span>
    </p>
   </div>
   <div class='ocr_carea' id='block_1_6' title="bbox 595 2041 1305 2106">
    <p class='ocr_par' dir='ltr' id='par_1_13' title="bbox 595 2041 1305 2106">
     <span class='ocr_line' id='line_1_32' title="bbox 595 2041 1305 2106; baseline 0 -15"><span class='ocrx_word' id='word_1_150' title='bbox 595 2042 798 2095; x_wconf 87' lang='lat' dir='ltr'><strong>Onesilo‚</strong></span> <span class='ocrx_word' id='word_1_151' title='bbox 833 2042 882 2088; x_wconf 90' lang='lat' dir='ltr'><strong>in</strong></span> <span class='ocrx_word' id='word_1_152' title='bbox 931 2056 1085 2106; x_wconf 82' lang='lat' dir='ltr'><strong>pugna</strong></span> <span class='ocrx_word' id='word_1_153' title='bbox 1115 2043 1171 2089; x_wconf 85' lang='lat' dir='ltr'><strong>ad</strong></span> <span class='ocrx_word' id='word_1_154' title='bbox 1206 2041 1305 2105; x_wconf 88' lang='lat' dir='ltr'><strong>Cy-</strong></span> 
     </span>
    </p>
   </div>
   <div class='ocr_carea' id='block_1_7' title="bbox 237 2498 1312 3933">
    <p class='ocr_par' dir='ltr' id='par_1_14' title="bbox 311 2498 1309 2940">
     <span class='ocr_line' id='line_1_33' title="bbox 314 2498 1303 2563; baseline 0.001 -17"><span class='ocrx_word' id='word_1_155' title='bbox 314 2507 482 2563; x_wconf 77' lang='lat' dir='ltr'><strong>gerunt</strong></span> <span class='ocrx_word' id='word_1_156' title='bbox 513 2498 575 2545; x_wconf 82' lang='lat' dir='ltr'><strong>iv.</strong></span> <span class='ocrx_word' id='word_1_157' title='bbox 620 2502 724 2546; x_wconf 88' lang='grc'><strong>1.10.</strong></span> <span class='ocrx_word' id='word_1_158' title='bbox 755 2498 986 2547; x_wconf 85' lang='lat' dir='ltr'><strong>nonnullae</strong></span> <span class='ocrx_word' id='word_1_159' title='bbox 1031 2512 1090 2547; x_wconf 81' lang='lat' dir='ltr'><strong>ex</strong></span> <span class='ocrx_word' id='word_1_160' title='bbox 1120 2500 1178 2547; x_wconf 90' lang='lat' dir='ltr'><strong>iis</strong></span> <span class='ocrx_word' id='word_1_161' title='bbox 1210 2499 1303 2547; x_wconf 82' lang='lat' dir='ltr'><strong>for·-</strong></span> 
     </span>
     <span class='ocr_line' id='line_1_34' title="bbox 314 2564 1303 2627; baseline 0 -15"><span class='ocrx_word' id='word_1_162' title='bbox 314 2574 362 2613; x_wconf 87' lang='lat' dir='ltr'><strong>te</strong></span> <span class='ocrx_word' id='word_1_163' title='bbox 392 2564 570 2611; x_wconf 78' lang='lat' dir='ltr'><strong>fortuna</strong></span> <span class='ocrx_word' id='word_1_164' title='bbox 601 2565 656 2611; x_wconf 84' lang='lat' dir='ltr'><strong>ad</strong></span> <span class='ocrx_word' id='word_1_165' title='bbox 691 2564 958 2627; x_wconf 86' lang='lat' dir='ltr'><strong>Scytharum</strong></span> <span class='ocrx_word' id='word_1_166' title='bbox 990 2580 1092 2612; x_wconf 85' lang='lat' dir='ltr'><strong>oras</strong></span> <span class='ocrx_word' id='word_1_167' title='bbox 1125 2564 1303 2625; x_wconf 61' lang='lat' dir='ltr'><strong>delam,</strong></span> 
     </span>
     <span class='ocr_line' id='line_1_35' title="bbox 316 2629 1307 2692; baseline -0.003 -13"><span class='ocrx_word' id='word_1_168' title='bbox 316 2630 498 2691; x_wconf 85' lang='lat' dir='ltr'><strong>Scythis</strong></span> <span class='ocrx_word' id='word_1_169' title='bbox 544 2629 752 2692; x_wconf 86' lang='lat' dir='ltr'><strong>proelium</strong></span> <span class='ocrx_word' id='word_1_170' title='bbox 795 2629 1099 2689; x_wconf 87' lang='lat' dir='ltr'><strong>committunt,</strong></span> <span class='ocrx_word' id='word_1_171' title='bbox 1135 2636 1181 2676; x_wconf 89' lang='lat' dir='ltr'><strong>et</strong></span> <span class='ocrx_word' id='word_1_172' title='bbox 1216 2629 1307 2677; x_wconf 74' lang='lat' dir='ltr'><strong>1¹oe-</strong></span> 
     </span>
     <span class='ocr_line' id='line_1_36' title="bbox 313 2694 1303 2759; baseline -0.001 -16"><span class='ocrx_word' id='word_1_173' title='bbox 313 2696 453 2743; x_wconf 84' lang='lat' dir='ltr'><strong>minae</strong></span> <span class='ocrx_word' id='word_1_174' title='bbox 493 2696 663 2759; x_wconf 82' lang='lat' dir='ltr'><strong>agnitae</strong></span> <span class='ocrx_word' id='word_1_175' title='bbox 684 2696 750 2741; x_wconf 88' lang='lat' dir='ltr'><strong>eis</strong></span> <span class='ocrx_word' id='word_1_176' title='bbox 782 2695 975 2749; x_wconf 83' lang='lat' dir='ltr'><strong>nubunt,</strong></span> <span class='ocrx_word' id='word_1_177' title='bbox 997 2708 1024 2741; x_wconf 88' lang='lat' dir='ltr'><strong>e</strong></span> <span class='ocrx_word' id='word_1_178' title='bbox 1045 2694 1303 2757; x_wconf 83' lang='lat' dir='ltr'><strong>parentibus</strong></span> 
     </span>
     <span class='ocr_line' id='line_1_37' title="bbox 317 2758 1305 2822; baseline -0.002 -13"><span class='ocrx_word' id='word_1_179' title='bbox 317 2760 538 2816; x_wconf 86' lang='lat' dir='ltr'><strong>abductis,</strong></span> <span class='ocrx_word' id='word_1_180' title='bbox 599 2774 845 2819; x_wconf 87' lang='lat' dir='ltr'><strong>eorumque</strong></span> <span class='ocrx_word' id='word_1_181' title='bbox 881 2758 1082 2822; x_wconf 83' lang='lat' dir='ltr'><strong>linguam</strong></span> <span class='ocrx_word' id='word_1_182' title='bbox 1128 2760 1305 2807; x_wconf 81' lang='lat' dir='ltr'><strong>edoctae</strong></span> 
     </span>
     <span class='ocr_line' id='line_1_38' title="bbox 321 2824 1309 2874; baseline 0 -1"><span class='ocrx_word' id='word_1_183' title='bbox 321 2826 386 2874; x_wconf 82' lang='lat' dir='ltr'><strong>iv.</strong></span> <span class='ocrx_word' id='word_1_184' title='bbox 435 2826 702 2874; x_wconf 82' lang='grc'><strong>111-116.</strong></span> <span class='ocrx_word' id='word_1_185' title='bbox 759 2824 865 2871; x_wconf 87' lang='lat' dir='ltr'><strong>inde</strong></span> <span class='ocrx_word' id='word_1_186' title='bbox 898 2824 1180 2873; x_wconf 79' lang='lat' dir='ltr'><strong>Sauromatae</strong></span> <span class='ocrx_word' id='word_1_187' title='bbox 1219 2824 1309 2873; x_wconf 88' lang='lat' dir='ltr'><strong>orti</strong></span> 
     </span>
     <span class='ocr_line' id='line_1_39' title="bbox 311 2890 862 2940; baseline -0.005 -1"><span class='ocrx_word' id='word_1_188' title='bbox 311 2892 374 2939; x_wconf 77' lang='lat' dir='ltr'><strong>iv.</strong></span> <span class='ocrx_word' id='word_1_189' title='bbox 413 2893 520 2940; x_wconf 91' lang='grc'><strong>117.</strong></span> <span class='ocrx_word' id='word_1_190' title='bbox 545 2890 644 2937; x_wconf 81' lang='lat' dir='ltr'><strong>coll.</strong></span> <span class='ocrx_word' id='word_1_191' title='bbox 677 2905 714 2937; x_wconf 82' lang='lat' dir='ltr'><strong>c.</strong></span> <span class='ocrx_word' id='word_1_192' title='bbox 756 2893 862 2937; x_wconf 90' lang='grc'><strong>110.</strong></span> 
     </span>
    </p>

    <p class='ocr_par' dir='ltr' id='par_1_15' title="bbox 251 2952 1308 3071">
     <span class='ocr_line' id='line_1_40' title="bbox 251 2952 1308 3009; baseline -0.002 -6"><span class='ocrx_word' id='word_1_193' title='bbox 251 2955 564 3009; x_wconf 79' lang='lat' dir='ltr'><strong>Amazonides</strong></span> <span class='ocrx_word' id='word_1_194' title='bbox 611 2971 640 3004; x_wconf 87' lang='lat' dir='ltr'><strong>a</strong></span> <span class='ocrx_word' id='word_1_195' title='bbox 677 2952 1020 3001; x_wconf 75' lang='lat' dir='ltr'><strong>&#39;I&#39;hermodonte</strong></span> <span class='ocrx_word' id='word_1_196' title='bbox 1051 2952 1100 3002; x_wconf 86' lang='lat' dir='ltr'><strong>fl.</strong></span> <span class='ocrx_word' id='word_1_197' title='bbox 1133 2953 1182 3002; x_wconf 89' lang='lat' dir='ltr'><strong>in</strong></span> <span class='ocrx_word' id='word_1_198' title='bbox 1215 2952 1308 3002; x_wconf 82' lang='lat' dir='ltr'><strong>At-</strong></span> 
     </span>
     <span class='ocr_line' id='line_1_41' title="bbox 317 3017 1198 3071; baseline -0.006 0"><span class='ocrx_word' id='word_1_199' title='bbox 317 3024 452 3071; x_wconf 85' lang='lat' dir='ltr'><strong>ticam</strong></span> <span class='ocrx_word' id='word_1_200' title='bbox 485 3022 786 3069; x_wconf 72' lang='lat' dir='ltr'><strong>incursionem</strong></span> <span class='ocrx_word' id='word_1_201' title='bbox 817 3017 989 3066; x_wconf 78' lang='lat' dir='ltr'><strong>faciunt</strong></span> <span class='ocrx_word' id='word_1_202' title='bbox 1020 3019 1089 3068; x_wconf 84' lang='lat' dir='ltr'><strong>ix.</strong></span> <span class='ocrx_word' id='word_1_203' title='bbox 1118 3020 1198 3067; x_wconf 88' lang='grc'><strong>27.</strong></span> 
     </span>
    </p>

    <p class='ocr_par' dir='ltr' id='par_1_16' title="bbox 244 3084 902 3143">
     <span class='ocr_line' id='line_1_42' title="bbox 244 3084 902 3143; baseline -0.012 -4"><span class='ocrx_word' id='word_1_204' title='bbox 244 3088 506 3143; x_wconf 83' lang='lat' dir='ltr'><strong>Ambracia,</strong></span> <span class='ocrx_word' id='word_1_205' title='bbox 527 3088 621 3135; x_wconf 71' lang='lat' dir='ltr'><strong>vid.</strong></span> <span class='ocrx_word' id='word_1_206' title='bbox 647 3086 737 3132; x_wconf 87' lang='lat' dir='ltr'><strong>Am</strong></span> <span class='ocrx_word' id='word_1_207' title='bbox 771 3084 902 3131; x_wconf 85' lang='lat' dir='ltr'><strong>racia.</strong></span> 
     </span>
    </p>

    <p class='ocr_par' dir='ltr' id='par_1_17' title="bbox 245 3147 1312 3397">
     <span class='ocr_line' id='line_1_43' title="bbox 245 3147 1310 3211; baseline -0.007 -9"><span class='ocrx_word' id='word_1_208' title='bbox 245 3154 490 3211; x_wconf 77' lang='lat' dir='ltr'><strong>Amastris,</strong></span> <span class='ocrx_word' id='word_1_209' title='bbox 541 3150 704 3200; x_wconf 86' lang='lat' dir='ltr'><strong>Otanis</strong></span> <span class='ocrx_word' id='word_1_210' title='bbox 767 3148 826 3195; x_wconf 85' lang='lat' dir='ltr'><strong>lia</strong></span> <span class='ocrx_word' id='word_1_211' title='bbox 868 3148 946 3197; x_wconf 81' lang='lat' dir='ltr'><strong>vii.</strong></span> <span class='ocrx_word' id='word_1_212' title='bbox 991 3148 1070 3197; x_wconf 85' lang='grc'><strong>61.</strong></span> <span class='ocrx_word' id='word_1_213' title='bbox 1136 3147 1310 3196; x_wconf 78' lang='lat' dir='ltr'><strong>Xerxis</strong></span> 
     </span>
     <span class='ocr_line' id='line_1_44' title="bbox 310 3213 1311 3278; baseline -0.007 -11"><span class='ocrx_word' id='word_1_214' title='bbox 310 3234 427 3267; x_wconf 83' lang='lat' dir='ltr'><strong>uxor</strong></span> <span class='ocrx_word' id='word_1_215' title='bbox 457 3218 534 3266; x_wconf 82' lang='lat' dir='ltr'><strong>vii.</strong></span> <span class='ocrx_word' id='word_1_216' title='bbox 568 3220 650 3265; x_wconf 86' lang='lat'><strong>61.</strong></span> <span class='ocrx_word' id='word_1_217' title='bbox 691 3218 795 3265; x_wconf 80' lang='lat'>114.</span> <span class='ocrx_word' id='word_1_218' title='bbox 836 3216 932 3278; x_wconf 87' lang='lat' dir='ltr'><strong>ejus</strong></span> <span class='ocrx_word' id='word_1_219' title='bbox 962 3213 1205 3261; x_wconf 87' lang='lat' dir='ltr'><strong>amiculum</strong></span> <span class='ocrx_word' id='word_1_220' title='bbox 1240 3213 1311 3261; x_wconf 86' lang='lat' dir='ltr'><strong>fa-</strong></span> 
     </span>
     <span class='ocr_line' id='line_1_45' title="bbox 309 3278 1312 3331; baseline -0.002 0"><span class='ocrx_word' id='word_1_221' title='bbox 309 3285 401 3331; x_wconf 88' lang='lat' dir='ltr'><strong>tale</strong></span> <span class='ocrx_word' id='word_1_222' title='bbox 451 3283 516 3331; x_wconf 85' lang='lat' dir='ltr'><strong>ix.</strong></span> <span class='ocrx_word' id='word_1_223' title='bbox 570 3287 675 3331; x_wconf 87' lang='grc'><strong>108.</strong></span> <span class='ocrx_word' id='word_1_224' title='bbox 727 3280 968 3329; x_wconf 84' lang='lat' dir='ltr'><strong>crudelitas</strong></span> <span class='ocrx_word' id='word_1_225' title='bbox 1017 3278 1069 3326; x_wconf 87' lang='lat' dir='ltr'><strong>in</strong></span> <span class='ocrx_word' id='word_1_226' title='bbox 1121 3294 1312 3329; x_wconf 83' lang='lat' dir='ltr'><strong>uxorem</strong></span> 
     </span>
     <span class='ocr_line' id='line_1_46' title="bbox 308 3348 763 3397; baseline -0.009 0"><span class='ocrx_word' id='word_1_227' title='bbox 308 3348 522 3397; x_wconf 79' lang='lat' dir='ltr'><strong>Masistae</strong></span> <span class='ocrx_word' id='word_1_228' title='bbox 553 3348 616 3395; x_wconf 82' lang='lat' dir='ltr'><strong>ix.</strong></span> <span class='ocrx_word' id='word_1_229' title='bbox 657 3350 763 3394; x_wconf 87' lang='grc'><strong>111.</strong></span> 
     </span>
    </p>

    <p class='ocr_par' dir='ltr' id='par_1_18' title="bbox 245 3408 1176 3477">
     <span class='ocr_line' id='line_1_47' title="bbox 245 3408 1176 3477; baseline -0.004 -15"><span class='ocrx_word' id='word_1_230' title='bbox 245 3413 508 3469; x_wconf 84' lang='lat' dir='ltr'><strong>Amiantus,</strong></span> <span class='ocrx_word' id='word_1_231' title='bbox 535 3412 764 3476; x_wconf 82' lang='lat' dir='ltr'><strong>Agaristae</strong></span> <span class='ocrx_word' id='word_1_232' title='bbox 782 3425 949 3477; x_wconf 85' lang='lat' dir='ltr'><strong>procus</strong></span> <span class='ocrx_word' id='word_1_233' title='bbox 971 3408 1034 3457; x_wconf 84' lang='lat' dir='ltr'><strong>vi.</strong></span> <span class='ocrx_word' id='word_1_234' title='bbox 1069 3412 1176 3461; x_wconf 87' lang='grc'><strong>127.</strong></span> 
     </span>
    </p>

    <p class='ocr_par' dir='ltr' id='par_1_19' title="bbox 241 3475 1309 3669">
     <span class='ocr_line' id='line_1_48' title="bbox 241 3475 1308 3541; baseline -0.005 -13"><span class='ocrx_word' id='word_1_235' title='bbox 241 3480 440 3529; x_wconf 90' lang='lat' dir='ltr'><strong>Amicus</strong></span> <span class='ocrx_word' id='word_1_236' title='bbox 472 3479 614 3526; x_wconf 87' lang='lat' dir='ltr'><strong>solers</strong></span> <span class='ocrx_word' id='word_1_237' title='bbox 643 3478 867 3541; x_wconf 77' lang='lat' dir='ltr'><strong>possessio</strong></span> <span class='ocrx_word' id='word_1_238' title='bbox 910 3475 1232 3539; x_wconf 82' lang='lat' dir='ltr'><strong>pretiosissima</strong></span> <span class='ocrx_word' id='word_1_239' title='bbox 1261 3491 1308 3523; x_wconf 84' lang='lat' dir='ltr'><strong>v.</strong></span> 
     </span>
     <span class='ocr_line' id='line_1_49' title="bbox 309 3540 1309 3601; baseline -0.006 -8"><span class='ocrx_word' id='word_1_240' title='bbox 309 3550 387 3593; x_wconf 78' lang='lat'><strong>94.</strong></span> <span class='ocrx_word' id='word_1_241' title='bbox 442 3544 577 3592; x_wconf 85' lang='lat' dir='ltr'><strong>amici</strong></span> <span class='ocrx_word' id='word_1_242' title='bbox 629 3558 784 3590; x_wconf 89' lang='lat' dir='ltr'><strong>casum</strong></span> <span class='ocrx_word' id='word_1_243' title='bbox 833 3543 913 3590; x_wconf 87' lang='lat' dir='ltr'><strong>flet</strong></span> <span class='ocrx_word' id='word_1_244' title='bbox 957 3540 1309 3601; x_wconf 63' lang='lat' dir='ltr'><strong>Psammenstus,</strong></span> 
     </span>
     <span class='ocr_line' id='line_1_50' title="bbox 308 3606 1309 3669; baseline -0.004 -12"><span class='ocrx_word' id='word_1_245' title='bbox 308 3624 404 3657; x_wconf 87' lang='lat' dir='ltr'><strong>non</strong></span> <span class='ocrx_word' id='word_1_246' title='bbox 422 3608 682 3667; x_wconf 87' lang='lat' dir='ltr'><strong>liberorum,</strong></span> <span class='ocrx_word' id='word_1_247' title='bbox 704 3622 972 3669; x_wconf 84' lang='lat' dir='ltr'><strong>causamque</strong></span> <span class='ocrx_word' id='word_1_248' title='bbox 993 3607 1139 3654; x_wconf 84' lang='lat' dir='ltr'><strong>reddit</strong></span> <span class='ocrx_word' id='word_1_249' title='bbox 1155 3606 1204 3654; x_wconf 87' lang='lat' dir='ltr'><strong>ii.</strong></span> <span class='ocrx_word' id='word_1_250' title='bbox 1232 3610 1309 3653; x_wconf 81' lang='lat'><strong>14.</strong></span> 
     </span>
    </p>

    <p class='ocr_par' dir='ltr' id='par_1_20' title="bbox 237 3672 1299 3789">
     <span class='ocr_line' id='line_1_51' title="bbox 237 3672 1299 3735; baseline -0.006 -12"><span class='ocrx_word' id='word_1_251' title='bbox 237 3675 509 3727; x_wconf 77' lang='lat' dir='ltr'><strong>Amiculum</strong></span> <span class='ocrx_word' id='word_1_252' title='bbox 567 3674 823 3735; x_wconf 79' lang='lat' dir='ltr'><strong>Sylosontis</strong></span> <span class='ocrx_word' id='word_1_253' title='bbox 891 3672 954 3719; x_wconf 90' lang='lat' dir='ltr'><strong>iii.</strong></span> <span class='ocrx_word' id='word_1_254' title='bbox 1024 3676 1135 3721; x_wconf 85' lang='grc'><strong>139.</strong></span> <span class='ocrx_word' id='word_1_255' title='bbox 1193 3675 1299 3719; x_wconf 86' lang='grc'><strong>140.</strong></span> 
     </span>
     <span class='ocr_line' id='line_1_52' title="bbox 309 3740 778 3789; baseline -0.009 0"><span class='ocrx_word' id='word_1_256' title='bbox 309 3740 542 3789; x_wconf 81' lang='lat' dir='ltr'><strong>Amestris</strong></span> <span class='ocrx_word' id='word_1_257' title='bbox 575 3740 637 3787; x_wconf 86' lang='lat' dir='ltr'><strong>ix.</strong></span> <span class='ocrx_word' id='word_1_258' title='bbox 673 3744 778 3788; x_wconf 88' lang='grc'><strong>108.</strong></span> 
     </span>
    </p>

    <p class='ocr_par' dir='ltr' id='par_1_21' title="bbox 237 3799 1304 3933">
     <span class='ocr_line' id='line_1_53' title="bbox 237 3799 1304 3859; baseline -0.007 -4"><span class='ocrx_word' id='word_1_259' title='bbox 237 3807 464 3859; x_wconf 84' lang='lat' dir='ltr'><strong>Amilcar,</strong></span> <span class='ocrx_word' id='word_1_260' title='bbox 495 3804 726 3859; x_wconf 76' lang='grc' dir='ltr'><strong>Ἀμίλκας,</strong></span> <span class='ocrx_word' id='word_1_261' title='bbox 762 3801 971 3850; x_wconf 86' lang='lat' dir='ltr'><strong>Annonis</strong></span> <span class='ocrx_word' id='word_1_262' title='bbox 989 3799 1068 3856; x_wconf 71' lang='lat' dir='ltr'><strong>fil„</strong></span> <span class='ocrx_word' id='word_1_263' title='bbox 1100 3814 1128 3848; x_wconf 88' lang='lat' dir='ltr'><strong>a</strong></span> <span class='ocrx_word' id='word_1_264' title='bbox 1157 3807 1304 3849; x_wconf 86' lang='lat' dir='ltr'><strong>matre</strong></span> 
     </span>
     <span class='ocr_line' id='line_1_54' title="bbox 309 3866 1297 3933; baseline -0.007 -14"><span class='ocrx_word' id='word_1_265' title='bbox 309 3870 596 3933; x_wconf 84' lang='lat' dir='ltr'><strong>Syracusius,</strong></span> <span class='ocrx_word' id='word_1_266' title='bbox 643 3883 726 3916; x_wconf 87' lang='lat' dir='ltr'><strong>rex</strong></span> <span class='ocrx_word' id='word_1_267' title='bbox 760 3866 1214 3931; x_wconf 77' lang='lat' dir='ltr'><strong>Carthaginiensium,</strong></span> <span class='ocrx_word' id='word_1_268' title='bbox 1249 3866 1297 3912; x_wconf 89' lang='lat' dir='ltr'><strong>in</strong></span> 
     </span>
    </p>
   </div>
   <div class='ocr_carea' id='block_1_8' title="bbox 2282 214 2461 283">
    <p class='ocr_par' dir='ltr' id='par_1_22' title="bbox 2282 214 2461 283">
     <span class='ocr_line' id='line_1_55' title="bbox 2282 214 2461 283; baseline 0 0"><span class='ocrx_word' id='word_1_269' title='bbox 2282 214 2461 283; x_wconf 78' lang='lat' dir='ltr'><strong>‘ss‘</strong></span> 
     </span>
    </p>
   </div>
   <div class='ocr_carea' id='block_1_9' title="bbox 1370 350 2453 531">
    <p class='ocr_par' dir='ltr' id='par_1_23' title="bbox 1370 350 2453 531">
     <span class='ocr_line' id='line_1_56' title="bbox 1370 350 2425 423; baseline 0.014 -25"><span class='ocrx_word' id='word_1_270' title='bbox 1370 350 1653 409; x_wconf 77' lang='lat' dir='ltr'><strong>Aniinocles,</strong></span> <span class='ocrx_word' id='word_1_271' title='bbox 1678 350 1843 403; x_wconf 83' lang='lat' dir='ltr'><strong>Critini</strong></span> <span class='ocrx_word' id='word_1_272' title='bbox 1862 353 1943 411; x_wconf 67' lang='lat' dir='ltr'><strong>m„</strong></span> <span class='ocrx_word' id='word_1_273' title='bbox 1962 370 1991 405; x_wconf 89' lang='lat' dir='ltr'><strong>e</strong></span> <span class='ocrx_word' id='word_1_274' title='bbox 2010 356 2247 423; x_wconf 73' lang='lat' dir='ltr'><strong>naufragio</strong></span> <span class='ocrx_word' id='word_1_275' title='bbox 2266 362 2425 413; x_wconf 78' lang='lat' dir='ltr'><strong>classis</strong></span> 
     </span>
     <span class='ocr_line' id='line_1_57' title="bbox 1436 416 2453 531; baseline 0.016 -69"><span class='ocrx_word' id='word_1_276' title='bbox 1436 416 1715 531; x_wconf 48' lang='lat' dir='ltr'><strong>fgasictgdad</strong></span> <span class='ocrx_word' id='word_1_277' title='bbox 1748 418 1985 483; x_wconf 74' lang='lat' dir='ltr'><strong>Sepiadem</strong></span> <span class='ocrx_word' id='word_1_278' title='bbox 2018 423 2146 472; x_wconf 85' lang='lat' dir='ltr'><strong>dives</strong></span> <span class='ocrx_word' id='word_1_279' title='bbox 2174 425 2321 477; x_wconf 82' lang='lat' dir='ltr'><strong>factus</strong></span> <span class='ocrx_word' id='word_1_280' title='bbox 2343 430 2420 477; x_wconf 77' lang='lat' dir='ltr'><strong>vii.</strong></span> <span class='ocrx_word' id='word_1_281' title='bbox 2450 428 2453 433; x_wconf 74' lang='grc'><strong>’</strong></span> 
     </span>
    </p>
   </div>
   <div class='ocr_carea' id='block_1_10' title="bbox 1374 542 2423 659">
    <p class='ocr_par' dir='ltr' id='par_1_24' title="bbox 1374 542 2423 659">
     <span class='ocr_line' id='line_1_58' title="bbox 1374 542 2423 659; baseline 0.015 -67"><span class='ocrx_word' id='word_1_282' title='bbox 1374 542 1581 659; x_wconf 56' lang='grc' dir='ltr'><strong>Αιιιιὲὃεε</strong></span> <span class='ocrx_word' id='word_1_283' title='bbox 1615 550 1730 596; x_wconf 79' lang='lat' dir='ltr'><strong>olim</strong></span> <span class='ocrx_word' id='word_1_284' title='bbox 1764 550 1869 599; x_wconf 79' lang='lat' dir='ltr'><strong>edd.</strong></span> <span class='ocrx_word' id='word_1_285' title='bbox 1900 566 1993 613; x_wconf 78' lang='lat' dir='ltr'><strong>pro</strong></span> <span class='ocrx_word' id='word_1_286' title='bbox 2030 550 2289 606; x_wconf 83' lang='lat' dir='ltr'><strong>Ithamitres</strong></span> <span class='ocrx_word' id='word_1_287' title='bbox 2326 560 2423 609; x_wconf 75' lang='lat' dir='ltr'><strong>viii.</strong></span> 
     </span>
    </p>
   </div>
   <div class='ocr_carea' id='block_1_11' title="bbox 1377 674 2426 805">
    <p class='ocr_par' dir='ltr' id='par_1_25' title="bbox 1377 674 2426 805">
     <span class='ocr_line' id='line_1_59' title="bbox 1377 674 2426 740; baseline 0.017 -18"><span class='ocrx_word' id='word_1_288' title='bbox 1377 674 1621 725; x_wconf 88' lang='lat' dir='ltr'><strong>Ammonis</strong></span> <span class='ocrx_word' id='word_1_289' title='bbox 1636 679 1866 727; x_wconf 83' lang='lat' dir='ltr'><strong>oraculum</strong></span> <span class='ocrx_word' id='word_1_290' title='bbox 1888 679 1935 728; x_wconf 85' lang='lat' dir='ltr'><strong>in</strong></span> <span class='ocrx_word' id='word_1_291' title='bbox 1958 680 2118 731; x_wconf 77' lang='lat' dir='ltr'><strong>Africa</strong></span> <span class='ocrx_word' id='word_1_292' title='bbox 2134 684 2168 731; x_wconf 81' lang='lat' dir='ltr'><strong>i.</strong></span> <span class='ocrx_word' id='word_1_293' title='bbox 2184 690 2265 735; x_wconf 76' lang='lat'><strong>46.</strong></span> <span class='ocrx_word' id='word_1_294' title='bbox 2278 688 2325 737; x_wconf 87' lang='lat' dir='ltr'><strong>ii.</strong></span> <span class='ocrx_word' id='word_1_295' title='bbox 2340 694 2426 740; x_wconf 86' lang='grc'><strong>82.</strong></span> 
     </span>
     <span class='ocr_line' id='line_1_60' title="bbox 1442 742 1865 805; baseline 0.012 -17"><span class='ocrx_word' id='word_1_296' title='bbox 1442 744 1539 805; x_wconf 78' lang='lat' dir='ltr'><strong>eJus</strong></span> <span class='ocrx_word' id='word_1_297' title='bbox 1560 742 1693 805; x_wconf 78' lang='lat' dir='ltr'><strong>origo</strong></span> <span class='ocrx_word' id='word_1_298' title='bbox 1716 745 1761 792; x_wconf 87' lang='lat' dir='ltr'><strong>ii.</strong></span> <span class='ocrx_word' id='word_1_299' title='bbox 1786 748 1865 793; x_wconf 85' lang='lat'><strong>55.</strong></span> 
     </span>
    </p>
   </div>
   <div class='ocr_carea' id='block_1_12' title="bbox 1377 905 2427 1133">
    <p class='ocr_par' dir='ltr' id='par_1_26' title="bbox 1377 905 2427 1133">
     <span class='ocr_line' id='line_1_61' title="bbox 1377 905 2425 1011; baseline 0.016 -29"><span class='ocrx_word' id='word_1_300' title='bbox 1377 905 1627 995; x_wconf 56' lang='lat' dir='ltr'><strong>Ammimii,</strong></span> <span class='ocrx_word' id='word_1_301' title='bbox 1671 938 1994 1003; x_wconf 81' lang='lat' dir='ltr'><strong>AEgyptiorum</strong></span> <span class='ocrx_word' id='word_1_302' title='bbox 2050 949 2099 991; x_wconf 89' lang='lat' dir='ltr'><strong>et</strong></span> <span class='ocrx_word' id='word_1_303' title='bbox 2151 945 2425 1011; x_wconf 78' lang='lat' dir='ltr'><strong>AEthiopum</strong></span> 
     </span>
     <span class='ocr_line' id='line_1_62' title="bbox 1442 1002 2427 1073; baseline 0.014 -24"><span class='ocrx_word' id='word_1_304' title='bbox 1442 1002 1593 1049; x_wconf 82' lang='lat' dir='ltr'><strong>coloni</strong></span> <span class='ocrx_word' id='word_1_305' title='bbox 1626 1003 1673 1050; x_wconf 88' lang='lat' dir='ltr'><strong>ii.</strong></span> <span class='ocrx_word' id='word_1_306' title='bbox 1707 1010 1787 1053; x_wconf 78' lang='grc'><strong>42.</strong></span> <span class='ocrx_word' id='word_1_307' title='bbox 1821 1004 1955 1054; x_wconf 79' lang='lat' dir='ltr'><strong>Jovis</strong></span> <span class='ocrx_word' id='word_1_308' title='bbox 1990 1010 2205 1071; x_wconf 84' lang='lat' dir='ltr'><strong>templum</strong></span> <span class='ocrx_word' id='word_1_309' title='bbox 2246 1013 2427 1073; x_wconf 82' lang='lat' dir='ltr'><strong>habent,</strong></span> 
     </span>
     <span class='ocr_line' id='line_1_63' title="bbox 1443 1067 2425 1133; baseline 0.015 -19"><span class='ocrx_word' id='word_1_310' title='bbox 1443 1082 1472 1115; x_wconf 87' lang='lat' dir='ltr'><strong>a</strong></span> <span class='ocrx_word' id='word_1_311' title='bbox 1496 1067 1715 1115; x_wconf 83' lang='lat' dir='ltr'><strong>Thebano</strong></span> <span class='ocrx_word' id='word_1_312' title='bbox 1746 1071 1914 1133; x_wconf 81' lang='lat' dir='ltr'><strong>templo</strong></span> <span class='ocrx_word' id='word_1_313' title='bbox 1946 1072 2194 1123; x_wconf 87' lang='lat' dir='ltr'><strong>derivatum</strong></span> <span class='ocrx_word' id='word_1_314' title='bbox 2228 1078 2294 1125; x_wconf 87' lang='lat' dir='ltr'><strong>iv.</strong></span> <span class='ocrx_word' id='word_1_315' title='bbox 2318 1085 2425 1129; x_wconf 87' lang='grc'><strong>181.</strong></span> 
     </span>
    </p>
   </div>
   <div class='ocr_carea' id='block_1_13' title="bbox 1442 1132 2428 1247">
    <p class='ocr_par' dir='ltr' id='par_1_27' title="bbox 1442 1132 2428 1247">
     <span class='ocr_line' id='line_1_64' title="bbox 1442 1132 2428 1247; baseline 0.015 -69"><span class='ocrx_word' id='word_1_316' title='bbox 1442 1132 1751 1247; x_wconf 48' lang='grc' dir='ltr'><strong>ξᾲνξιῖιιὲἑοο</strong></span> <span class='ocrx_word' id='word_1_317' title='bbox 1774 1133 2011 1198; x_wconf 79' lang='lat' dir='ltr'><strong>Cambysis</strong></span> <span class='ocrx_word' id='word_1_318' title='bbox 2028 1142 2253 1202; x_wconf 81' lang='lat' dir='ltr'><strong>expeditio</strong></span> <span class='ocrx_word' id='word_1_319' title='bbox 2267 1144 2428 1193; x_wconf 79' lang='lat' dir='ltr'><strong>infelix</strong></span> 
     </span>
     <span class='ocr_line' id='line_1_65' title="bbox 1444 1212 1711 1245; baseline 0.007 -2"><span class='ocrx_word' id='word_1_320' title='bbox 1444 1212 1507 1244; x_wconf 86' lang='lat' dir='ltr'><strong>m.</strong></span> <span class='ocrx_word' id='word_1_321' title='bbox 1594 1232 1608 1244; x_wconf 89' lang='lat'><strong>.</strong></span> <span class='ocrx_word' id='word_1_322' title='bbox 1696 1232 1711 1245; x_wconf 90' lang='lat'><strong>.</strong></span> 
     </span>
    </p>
   </div>
   <div class='ocr_carea' id='block_1_14' title="bbox 1373 1263 2431 1845">
    <p class='ocr_par' dir='ltr' id='par_1_28' title="bbox 1373 1263 2431 1845">
     <span class='ocr_line' id='line_1_66' title="bbox 1508 1263 2427 1323; baseline 0.016 -15"><span class='ocrx_word' id='word_1_323' title='bbox 1508 1263 1857 1313; x_wconf 74' lang='lat' dir='ltr'><strong>Ammonioi-um</strong></span> <span class='ocrx_word' id='word_1_324' title='bbox 1882 1280 1965 1313; x_wconf 85' lang='lat' dir='ltr'><strong>rex</strong></span> <span class='ocrx_word' id='word_1_325' title='bbox 1994 1268 2248 1318; x_wconf 86' lang='lat' dir='ltr'><strong>Etearchus</strong></span> <span class='ocrx_word' id='word_1_326' title='bbox 2271 1274 2319 1320; x_wconf 85' lang='lat' dir='ltr'><strong>ii.</strong></span> <span class='ocrx_word' id='word_1_327' title='bbox 2344 1279 2427 1323; x_wconf 83' lang='grc'><strong>82.</strong></span> 
     </span>
     <span class='ocr_line' id='line_1_67' title="bbox 1380 1325 2429 1396; baseline 0.014 -24"><span class='ocrx_word' id='word_1_328' title='bbox 1380 1325 1777 1390; x_wconf 82' lang='lat' dir='ltr'><strong>Amompharetus,</strong></span> <span class='ocrx_word' id='word_1_329' title='bbox 1798 1330 2057 1393; x_wconf 83' lang='lat' dir='ltr'><strong>Spartanus,</strong></span> <span class='ocrx_word' id='word_1_330' title='bbox 2076 1336 2325 1396; x_wconf 82' lang='lat' dir='ltr'><strong>pervicacia</strong></span> <span class='ocrx_word' id='word_1_331' title='bbox 2344 1355 2429 1387; x_wconf 87' lang='lat' dir='ltr'><strong>sua</strong></span> 
     </span>
     <span class='ocr_line' id='line_1_68' title="bbox 1445 1392 2431 1463; baseline 0.013 -23"><span class='ocrx_word' id='word_1_332' title='bbox 1445 1392 1639 1441; x_wconf 81' lang='lat' dir='ltr'><strong>Graecos</strong></span> <span class='ocrx_word' id='word_1_333' title='bbox 1658 1395 1715 1441; x_wconf 86' lang='lat' dir='ltr'><strong>ad</strong></span> <span class='ocrx_word' id='word_1_334' title='bbox 1739 1394 1937 1443; x_wconf 76' lang='lat' dir='ltr'><strong>Plataeas</strong></span> <span class='ocrx_word' id='word_1_335' title='bbox 1950 1399 2148 1463; x_wconf 82' lang='lat' dir='ltr'><strong>impedit,</strong></span> <span class='ocrx_word' id='word_1_336' title='bbox 2166 1416 2255 1463; x_wconf 77' lang='lat' dir='ltr'><strong>quo</strong></span> <span class='ocrx_word' id='word_1_337' title='bbox 2274 1404 2431 1453; x_wconf 82' lang='lat' dir='ltr'><strong>minus</strong></span> 
     </span>
     <span class='ocr_line' id='line_1_69' title="bbox 1442 1459 2424 1521; baseline 0.015 -19"><span class='ocrx_word' id='word_1_338' title='bbox 1442 1471 1535 1503; x_wconf 88' lang='lat' dir='ltr'><strong>uno</strong></span> <span class='ocrx_word' id='word_1_339' title='bbox 1566 1460 1748 1521; x_wconf 79' lang='lat' dir='ltr'><strong>agmine</strong></span> <span class='ocrx_word' id='word_1_340' title='bbox 1780 1461 1837 1507; x_wconf 88' lang='lat' dir='ltr'><strong>ad</strong></span> <span class='ocrx_word' id='word_1_341' title='bbox 1876 1459 2184 1513; x_wconf 78' lang='lat' dir='ltr'><strong>Cithaeronem</strong></span> <span class='ocrx_word' id='word_1_342' title='bbox 2220 1477 2424 1517; x_wconf 88' lang='lat' dir='ltr'><strong>montem</strong></span> 
     </span>
     <span class='ocr_line' id='line_1_70' title="bbox 1441 1523 2425 1592; baseline 0.015 -25"><span class='ocrx_word' id='word_1_343' title='bbox 1441 1523 1651 1570; x_wconf 85' lang='lat' dir='ltr'><strong>recedant</strong></span> <span class='ocrx_word' id='word_1_344' title='bbox 1700 1525 1762 1571; x_wconf 86' lang='lat' dir='ltr'><strong>ix.</strong></span> <span class='ocrx_word' id='word_1_345' title='bbox 1809 1528 2016 1578; x_wconf 82' lang='lat'><strong>53—57.</strong></span> <span class='ocrx_word' id='word_1_346' title='bbox 2062 1533 2159 1592; x_wconf 78' lang='lat' dir='ltr'><strong>ejus</strong></span> <span class='ocrx_word' id='word_1_347' title='bbox 2191 1533 2335 1581; x_wconf 84' lang='lat' dir='ltr'><strong>virtus</strong></span> <span class='ocrx_word' id='word_1_348' title='bbox 2376 1535 2425 1583; x_wconf 91' lang='lat' dir='ltr'><strong>in</strong></span> 
     </span>
     <span class='ocr_line' id='line_1_71' title="bbox 1436 1588 2423 1649; baseline 0.014 -16"><span class='ocrx_word' id='word_1_349' title='bbox 1436 1602 1589 1649; x_wconf 82' lang='lat' dir='ltr'><strong>pugna</strong></span> <span class='ocrx_word' id='word_1_350' title='bbox 1622 1588 1865 1637; x_wconf 75' lang='lat' dir='ltr'><strong>Plataeensi</strong></span> <span class='ocrx_word' id='word_1_351' title='bbox 1901 1591 1961 1639; x_wconf 85' lang='lat' dir='ltr'><strong>ix.</strong></span> <span class='ocrx_word' id='word_1_352' title='bbox 2000 1598 2077 1644; x_wconf 89' lang='lat'><strong>71.</strong></span> <span class='ocrx_word' id='word_1_353' title='bbox 2110 1595 2231 1643; x_wconf 87' lang='lat' dir='ltr'><strong>inter</strong></span> <span class='ocrx_word' id='word_1_354' title='bbox 2264 1595 2423 1647; x_wconf 83' lang='lat' dir='ltr'><strong>Irenas</strong></span> 
     </span>
     <span class='ocr_line' id='line_1_72' title="bbox 1433 1652 2429 1765; baseline 0.013 -66"><span class='ocrx_word' id='word_1_355' title='bbox 1433 1652 1729 1765; x_wconf 57' lang='grc' dir='ltr'><strong>ςυὶᾱέὅαᾶτι)</strong></span> <span class='ocrx_word' id='word_1_356' title='bbox 1768 1669 1795 1702; x_wconf 87' lang='lat' dir='ltr'><strong>a</strong></span> <span class='ocrx_word' id='word_1_357' title='bbox 1832 1654 2190 1708; x_wconf 74' lang='lat' dir='ltr'><strong>Lacedaemoniis</strong></span> <span class='ocrx_word' id='word_1_358' title='bbox 2228 1665 2429 1726; x_wconf 86' lang='lat' dir='ltr'><strong>sepultus</strong></span> 
     </span>
     <span class='ocr_line' id='line_1_73' title="bbox 1438 1731 2236 1765; baseline 0.015 -3"><span class='ocrx_word' id='word_1_359' title='bbox 1438 1731 1501 1763; x_wconf 76' lang='lat' dir='ltr'><strong>ix.</strong></span> <span class='ocrx_word' id='word_1_360' title='bbox 1592 1750 1606 1765; x_wconf 84' lang='lat'><strong>.</strong></span> <span class='ocrx_word' id='word_1_361' title='bbox 2218 1740 2236 1747; x_wconf 86' lang='lat'><strong>·</strong></span> 
     </span>
     <span class='ocr_line' id='line_1_74' title="bbox 1373 1779 2425 1845; baseline 0.014 -16"><span class='ocrx_word' id='word_1_362' title='bbox 1373 1779 1571 1830; x_wconf 82' lang='lat' dir='ltr'><strong>Amores</strong></span> <span class='ocrx_word' id='word_1_363' title='bbox 1592 1784 1817 1845; x_wconf 87' lang='lat' dir='ltr'><strong>quomodo</strong></span> <span class='ocrx_word' id='word_1_364' title='bbox 1840 1793 2034 1836; x_wconf 85' lang='lat' dir='ltr'><strong>tractent</strong></span> <span class='ocrx_word' id='word_1_365' title='bbox 2068 1787 2235 1839; x_wconf 82' lang='lat' dir='ltr'><strong>Caunii</strong></span> <span class='ocrx_word' id='word_1_366' title='bbox 2253 1792 2284 1840; x_wconf 86' lang='lat' dir='ltr'><strong>i.</strong></span> <span class='ocrx_word' id='word_1_367' title='bbox 2315 1796 2425 1843; x_wconf 88' lang='grc'><strong>172.</strong></span> 
     </span>
    </p>
   </div>
   <div class='ocr_carea' id='block_1_15' title="bbox 1434 1848 2424 1963">
    <p class='ocr_par' dir='ltr' id='par_1_29' title="bbox 1434 1848 2424 1963">
     <span class='ocr_line' id='line_1_75' title="bbox 1434 1848 2424 1912; baseline 0.017 -20"><span class='ocrx_word' id='word_1_368' title='bbox 1434 1848 1747 1897; x_wconf 85' lang='lat' dir='ltr'><strong>——Amoribus</strong></span> <span class='ocrx_word' id='word_1_369' title='bbox 1774 1865 2015 1912; x_wconf 84' lang='lat' dir='ltr'><strong>puerorum</strong></span> <span class='ocrx_word' id='word_1_370' title='bbox 2038 1854 2175 1903; x_wconf 81' lang='lat' dir='ltr'><strong>dediti</strong></span> <span class='ocrx_word' id='word_1_371' title='bbox 2197 1854 2354 1907; x_wconf 75' lang='lat' dir='ltr'><strong>Persae</strong></span> <span class='ocrx_word' id='word_1_372' title='bbox 2372 1866 2424 1909; x_wconf 76' lang='lat' dir='ltr'><strong>et</strong></span> 
     </span>
     <span class='ocr_line' id='line_1_76' title="bbox 1438 1910 1789 1963; baseline 0 -2"><span class='ocrx_word' id='word_1_373' title='bbox 1438 1910 1599 1961; x_wconf 80' lang='lat' dir='ltr'><strong>Graeci</strong></span> <span class='ocrx_word' id='word_1_374' title='bbox 1618 1914 1649 1960; x_wconf 87' lang='lat' dir='ltr'><strong>i.</strong></span> <span class='ocrx_word' id='word_1_375' title='bbox 1682 1918 1789 1963; x_wconf 89' lang='grc'><strong>135.</strong></span> 
     </span>
    </p>
   </div>
   <div class='ocr_carea' id='block_1_16' title="bbox 1368 1976 2201 2041">
    <p class='ocr_par' dir='ltr' id='par_1_30' title="bbox 1368 1976 2201 2041">
     <span class='ocr_line' id='line_1_77' title="bbox 1368 1976 2201 2041; baseline 0.013 -17"><span class='ocrx_word' id='word_1_376' title='bbox 1368 1976 1618 2041; x_wconf 81' lang='lat' dir='ltr'><strong>Amorges.</strong></span> <span class='ocrx_word' id='word_1_377' title='bbox 1642 1978 1884 2029; x_wconf 76' lang='lat' dir='ltr'><strong>Persarum</strong></span> <span class='ocrx_word' id='word_1_378' title='bbox 1906 1982 1999 2031; x_wconf 89' lang='lat' dir='ltr'><strong>dux</strong></span> <span class='ocrx_word' id='word_1_379' title='bbox 2018 2000 2068 2033; x_wconf 75' lang='lat' dir='ltr'><strong>v.</strong></span> <span class='ocrx_word' id='word_1_380' title='bbox 2092 1990 2201 2035; x_wconf 82' lang='grc'><strong>121.</strong></span> 
     </span>
    </p>
   </div>
   <div class='ocr_carea' id='block_1_17' title="bbox 1367 2042 2421 2157">
    <p class='ocr_par' dir='ltr' id='par_1_31' title="bbox 1367 2042 2421 2157">
     <span class='ocr_line' id='line_1_78' title="bbox 1367 2042 2421 2157; baseline 0.011 -66"><span class='ocrx_word' id='word_1_381' title='bbox 1367 2042 1523 2157; x_wconf 53' lang='lat' dir='ltr'><strong>Am}-</strong></span> <span class='ocrx_word' id='word_1_382' title='bbox 1553 2045 1659 2092; x_wconf 83' lang='lat' dir='ltr'><strong>urbs</strong></span> <span class='ocrx_word' id='word_1_383' title='bbox 1689 2044 1745 2093; x_wconf 87' lang='lat' dir='ltr'><strong>ad</strong></span> <span class='ocrx_word' id='word_1_384' title='bbox 1776 2044 1985 2097; x_wconf 83' lang='lat' dir='ltr'><strong>Rubrum</strong></span> <span class='ocrx_word' id='word_1_385' title='bbox 2014 2063 2141 2100; x_wconf 86' lang='lat' dir='ltr'><strong>mare</strong></span> <span class='ocrx_word' id='word_1_386' title='bbox 2164 2052 2227 2101; x_wconf 77' lang='lat' dir='ltr'><strong>vi.</strong></span> <span class='ocrx_word' id='word_1_387' title='bbox 2256 2056 2337 2102; x_wconf 84' lang='grc'><strong>20.</strong></span> <span class='ocrx_word' id='word_1_388' title='bbox 2358 2052 2421 2119; x_wconf 58' lang='lat' dir='ltr'><strong>di</strong></span> 
     </span>
     <span class='ocr_line' id='line_1_79' title="bbox 1433 2122 2251 2157; baseline 0.015 -3"><span class='ocrx_word' id='word_1_389' title='bbox 1433 2124 1463 2154; x_wconf 85' lang='lat' dir='ltr'><strong>a</strong></span> <span class='ocrx_word' id='word_1_390' title='bbox 1496 2124 1547 2157; x_wconf 80' lang='lat' dir='ltr'><strong>n.</strong></span> <span class='ocrx_word' id='word_1_391' title='bbox 2246 2122 2251 2127; x_wconf 84' lang='grc'><em>“</em></span> 
     </span>
    </p>
   </div>
   <div class='ocr_carea' id='block_1_18' title="bbox 1364 2172 2429 3916">
    <p class='ocr_par' dir='ltr' id='par_1_32' title="bbox 1368 2172 2429 2284">
     <span class='ocr_line' id='line_1_80' title="bbox 1368 2172 2429 2284; baseline 0.013 -64"><span class='ocrx_word' id='word_1_392' title='bbox 1368 2172 1590 2284; x_wconf 48' lang='lat' dir='ltr'><strong>Ampelos</strong></span> <span class='ocrx_word' id='word_1_393' title='bbox 1625 2176 1985 2239; x_wconf 86' lang='lat' dir='ltr'><strong>promontorium</strong></span> <span class='ocrx_word' id='word_1_394' title='bbox 2022 2177 2303 2232; x_wconf 66' lang='lat' dir='ltr'><strong>Toronaeum</strong></span> <span class='ocrx_word' id='word_1_395' title='bbox 2335 2182 2429 2233; x_wconf 61' lang='lat' dir='ltr'><strong>vrs‘</strong></span> 
     </span>
    </p>

    <p class='ocr_par' dir='ltr' id='par_1_33' title="bbox 1368 2302 2421 2616">
     <span class='ocr_line' id='line_1_81' title="bbox 1368 2302 2419 2370; baseline 0.011 -19"><span class='ocrx_word' id='word_1_396' title='bbox 1368 2302 1631 2367; x_wconf 77' lang='lat' dir='ltr'><strong>Amphiarai</strong></span> <span class='ocrx_word' id='word_1_397' title='bbox 1654 2306 1871 2369; x_wconf 83' lang='lat' dir='ltr'><strong>templum</strong></span> <span class='ocrx_word' id='word_1_398' title='bbox 1901 2306 2088 2370; x_wconf 87' lang='lat' dir='ltr'><strong>Thebis,</strong></span> <span class='ocrx_word' id='word_1_399' title='bbox 2110 2318 2158 2359; x_wconf 92' lang='lat' dir='ltr'><strong>et</strong></span> <span class='ocrx_word' id='word_1_400' title='bbox 2189 2313 2419 2362; x_wconf 85' lang='lat' dir='ltr'><strong>oraculum</strong></span> 
     </span>
     <span class='ocr_line' id='line_1_82' title="bbox 1432 2368 2419 2441; baseline 0.012 -25"><span class='ocrx_word' id='word_1_401' title='bbox 1432 2368 1465 2416; x_wconf 91' lang='lat' dir='ltr'><strong>i.</strong></span> <span class='ocrx_word' id='word_1_402' title='bbox 1483 2372 1562 2417; x_wconf 76' lang='lat'><strong>46.</strong></span> <span class='ocrx_word' id='word_1_403' title='bbox 1580 2370 1674 2418; x_wconf 81' lang='lat' dir='ltr'><strong>viii.</strong></span> <span class='ocrx_word' id='word_1_404' title='bbox 1686 2372 1799 2419; x_wconf 80' lang='grc'><strong>184.</strong></span> <span class='ocrx_word' id='word_1_405' title='bbox 1813 2386 1954 2420; x_wconf 81' lang='lat' dir='ltr'><strong>verax</strong></span> <span class='ocrx_word' id='word_1_406' title='bbox 1968 2388 1995 2421; x_wconf 84' lang='lat' dir='ltr'><strong>a</strong></span> <span class='ocrx_word' id='word_1_407' title='bbox 2010 2373 2176 2425; x_wconf 83' lang='lat' dir='ltr'><strong>Croeso</strong></span> <span class='ocrx_word' id='word_1_408' title='bbox 2192 2388 2419 2441; x_wconf 80' lang='lat' dir='ltr'><strong>repertum</strong></span> 
     </span>
     <span class='ocr_line' id='line_1_83' title="bbox 1432 2434 2417 2496; baseline 0.012 -15"><span class='ocrx_word' id='word_1_409' title='bbox 1432 2434 1465 2481; x_wconf 89' lang='lat' dir='ltr'><strong>i.</strong></span> <span class='ocrx_word' id='word_1_410' title='bbox 1488 2438 1568 2483; x_wconf 85' lang='lat'><strong>49.</strong></span> <span class='ocrx_word' id='word_1_411' title='bbox 1590 2434 1719 2496; x_wconf 85' lang='lat' dir='ltr'><strong>eique</strong></span> <span class='ocrx_word' id='word_1_412' title='bbox 1752 2436 1933 2484; x_wconf 89' lang='lat' dir='ltr'><strong>donaria</strong></span> <span class='ocrx_word' id='word_1_413' title='bbox 1957 2454 1985 2487; x_wconf 83' lang='lat' dir='ltr'><strong>s</strong></span> <span class='ocrx_word' id='word_1_414' title='bbox 2019 2438 2186 2490; x_wconf 82' lang='lat' dir='ltr'><strong>Croeso</strong></span> <span class='ocrx_word' id='word_1_415' title='bbox 2218 2445 2355 2492; x_wconf 79' lang='lat' dir='ltr'><strong>missa</strong></span> <span class='ocrx_word' id='word_1_416' title='bbox 2384 2444 2417 2493; x_wconf 83' lang='lat' dir='ltr'><strong>i.</strong></span> 
     </span>
     <span class='ocr_line' id='line_1_84' title="bbox 1429 2500 2421 2573; baseline 0.013 -28"><span class='ocrx_word' id='word_1_417' title='bbox 1429 2500 1843 2563; x_wconf 74' lang='lat' dir='ltr'><strong>52—Amphiarai</strong></span> <span class='ocrx_word' id='word_1_418' title='bbox 1882 2502 1930 2549; x_wconf 90' lang='lat' dir='ltr'><strong>in</strong></span> <span class='ocrx_word' id='word_1_419' title='bbox 1968 2502 2151 2555; x_wconf 77' lang='lat' dir='ltr'><strong>&#39;I&#39;hebas</strong></span> <span class='ocrx_word' id='word_1_420' title='bbox 2178 2509 2421 2573; x_wconf 68' lang='lat' dir='ltr'><strong>expeditio,</strong></span> 
     </span>
     <span class='ocr_line' id='line_1_85' title="bbox 1433 2564 2012 2616; baseline 0.009 -5"><span class='ocrx_word' id='word_1_421' title='bbox 1433 2579 1613 2612; x_wconf 85' lang='lat' dir='ltr'><strong>carmen</strong></span> <span class='ocrx_word' id='word_1_422' title='bbox 1638 2564 1847 2613; x_wconf 86' lang='lat' dir='ltr'><strong>Homeri.</strong></span> <span class='ocrx_word' id='word_1_423' title='bbox 1871 2568 1942 2613; x_wconf 87' lang='grc' dir='ltr'><strong>Η.</strong></span> <span class='ocrx_word' id='word_1_424' title='bbox 1964 2574 2012 2616; x_wconf 88' lang='grc'><strong>9.</strong></span> 
     </span>
    </p>

    <p class='ocr_par' dir='ltr' id='par_1_34' title="bbox 1369 2628 2330 2696">
     <span class='ocr_line' id='line_1_86' title="bbox 1369 2628 2330 2696; baseline 0.012 -22"><span class='ocrx_word' id='word_1_425' title='bbox 1369 2628 1687 2691; x_wconf 80' lang='lat' dir='ltr'><strong>Amphiaraus,</strong></span> <span class='ocrx_word' id='word_1_426' title='bbox 1709 2631 1999 2693; x_wconf 80' lang='lat' dir='ltr'><strong>Amphilochi</strong></span> <span class='ocrx_word' id='word_1_427' title='bbox 2019 2640 2149 2696; x_wconf 84' lang='lat' dir='ltr'><strong>pater</strong></span> <span class='ocrx_word' id='word_1_428' title='bbox 2166 2636 2229 2683; x_wconf 83' lang='lat' dir='ltr'><strong>iii.</strong></span> <span class='ocrx_word' id='word_1_429' title='bbox 2250 2642 2330 2686; x_wconf 87' lang='grc'><strong>91.</strong></span> 
     </span>
    </p>

    <p class='ocr_par' dir='ltr' id='par_1_35' title="bbox 1370 2693 1989 2756">
     <span class='ocr_line' id='line_1_87' title="bbox 1370 2693 1989 2756; baseline 0.008 -15"><span class='ocrx_word' id='word_1_430' title='bbox 1370 2693 1639 2756; x_wconf 82' lang='lat' dir='ltr'><strong>Amphicaea</strong></span> <span class='ocrx_word' id='word_1_431' title='bbox 1660 2696 1767 2742; x_wconf 89' lang='lat' dir='ltr'><strong>urbs</strong></span> <span class='ocrx_word' id='word_1_432' title='bbox 1786 2694 1880 2743; x_wconf 82' lang='lat' dir='ltr'><strong>viii.</strong></span> <span class='ocrx_word' id='word_1_433' title='bbox 1906 2700 1989 2746; x_wconf 83' lang='lat'><strong>33.</strong></span> 
     </span>
    </p>

    <p class='ocr_par' dir='ltr' id='par_1_36' title="bbox 1370 2760 2271 2822">
     <span class='ocr_line' id='line_1_88' title="bbox 1370 2760 2271 2822; baseline 0.007 -15"><span class='ocrx_word' id='word_1_434' title='bbox 1370 2760 1703 2822; x_wconf 80' lang='lat' dir='ltr'><strong>Amphicrates,</strong></span> <span class='ocrx_word' id='word_1_435' title='bbox 1726 2760 1979 2808; x_wconf 87' lang='lat' dir='ltr'><strong>Samiorum</strong></span> <span class='ocrx_word' id='word_1_436' title='bbox 2002 2776 2086 2809; x_wconf 85' lang='lat' dir='ltr'><strong>rex</strong></span> <span class='ocrx_word' id='word_1_437' title='bbox 2106 2764 2169 2811; x_wconf 90' lang='lat' dir='ltr'><strong>iii.</strong></span> <span class='ocrx_word' id='word_1_438' title='bbox 2192 2768 2271 2813; x_wconf 82' lang='grc'><strong>59.</strong></span> 
     </span>
    </p>

    <p class='ocr_par' dir='ltr' id='par_1_37' title="bbox 1372 2825 2423 3343">
     <span class='ocr_line' id='line_1_89' title="bbox 1372 2825 2420 2891; baseline 0.011 -22"><span class='ocrx_word' id='word_1_439' title='bbox 1372 2825 1735 2887; x_wconf 82' lang='lat' dir='ltr'><strong>Amphictyones</strong></span> <span class='ocrx_word' id='word_1_440' title='bbox 1773 2826 1900 2873; x_wconf 82' lang='lat' dir='ltr'><strong>sedes</strong></span> <span class='ocrx_word' id='word_1_441' title='bbox 1943 2827 2106 2875; x_wconf 87' lang='lat' dir='ltr'><strong>habent</strong></span> <span class='ocrx_word' id='word_1_442' title='bbox 2147 2840 2323 2891; x_wconf 80' lang='lat' dir='ltr'><strong>paratas</strong></span> <span class='ocrx_word' id='word_1_443' title='bbox 2362 2832 2420 2881; x_wconf 78' lang='lat' dir='ltr'><strong>ad</strong></span> 
     </span>
     <span class='ocr_line' id='line_1_90' title="bbox 1436 2888 2419 2955; baseline 0.01 -20"><span class='ocrx_word' id='word_1_444' title='bbox 1436 2888 1768 2953; x_wconf 79' lang='lat' dir='ltr'><strong>Thermopylas</strong></span> <span class='ocrx_word' id='word_1_445' title='bbox 1802 2906 1947 2955; x_wconf 84' lang='lat' dir='ltr'><strong>prope</strong></span> <span class='ocrx_word' id='word_1_446' title='bbox 1978 2891 2229 2941; x_wconf 82' lang='lat' dir='ltr'><strong>Anthelam</strong></span> <span class='ocrx_word' id='word_1_447' title='bbox 2268 2896 2419 2945; x_wconf 77' lang='lat' dir='ltr'><strong>vicum</strong></span> 
     </span>
     <span class='ocr_line' id='line_1_91' title="bbox 1437 2953 2422 3018; baseline 0.008 -16"><span class='ocrx_word' id='word_1_448' title='bbox 1437 2955 1513 3002; x_wconf 80' lang='lat' dir='ltr'><strong>vii.</strong></span> <span class='ocrx_word' id='word_1_449' title='bbox 1538 2960 1651 3002; x_wconf 87' lang='grc'><strong>200.</strong></span> <span class='ocrx_word' id='word_1_450' title='bbox 1678 2953 1737 3018; x_wconf 62' lang='lat' dir='ltr'><strong>cf}</strong></span> <span class='ocrx_word' id='word_1_451' title='bbox 1760 2970 1801 3002; x_wconf 86' lang='lat' dir='ltr'><strong>c.</strong></span> <span class='ocrx_word' id='word_1_452' title='bbox 1818 2960 1929 3005; x_wconf 87' lang='grc'><strong>218.</strong></span> <span class='ocrx_word' id='word_1_453' title='bbox 1951 2957 2033 3003; x_wconf 75' lang='lat' dir='ltr'><strong>uba·</strong></span> <span class='ocrx_word' id='word_1_454' title='bbox 2053 2959 2149 3006; x_wconf 76' lang='lat' dir='ltr'><strong>vid.</strong></span> <span class='ocrx_word' id='word_1_455' title='bbox 2175 2961 2287 3008; x_wconf 76' lang='lat' dir='ltr'><strong>adn.</strong></span> <span class='ocrx_word' id='word_1_456' title='bbox 2302 2968 2422 3009; x_wconf 88' lang='lat' dir='ltr'><strong>tem-</strong></span> 
     </span>
     <span class='ocr_line' id='line_1_92' title="bbox 1435 3019 2421 3084; baseline 0.007 -17"><span class='ocrx_word' id='word_1_457' title='bbox 1435 3020 1561 3084; x_wconf 87' lang='lat' dir='ltr'><strong>plum</strong></span> <span class='ocrx_word' id='word_1_458' title='bbox 1595 3019 1869 3082; x_wconf 87' lang='lat' dir='ltr'><strong>Delphicum</strong></span> <span class='ocrx_word' id='word_1_459' title='bbox 1902 3022 2081 3069; x_wconf 85' lang='lat' dir='ltr'><strong>elocant</strong></span> <span class='ocrx_word' id='word_1_460' title='bbox 2112 3024 2421 3074; x_wconf 65' lang='lat' dir='ltr'><strong>aedificandum</strong></span> 
     </span>
     <span class='ocr_line' id='line_1_93' title="bbox 1436 3084 2420 3151; baseline 0.009 -20"><span class='ocrx_word' id='word_1_461' title='bbox 1436 3084 1487 3132; x_wconf 90' lang='lat' dir='ltr'><strong>ii.</strong></span> <span class='ocrx_word' id='word_1_462' title='bbox 1528 3088 1636 3132; x_wconf 83' lang='lat'><strong>180.</strong></span> <span class='ocrx_word' id='word_1_463' title='bbox 1676 3101 1724 3132; x_wconf 80' lang='lat' dir='ltr'><strong>v.</strong></span> <span class='ocrx_word' id='word_1_464' title='bbox 1755 3088 1835 3134; x_wconf 87' lang='grc'><strong>62.</strong></span> <span class='ocrx_word' id='word_1_465' title='bbox 1872 3086 2233 3151; x_wconf 83' lang='lat' dir='ltr'><strong>inscriptionibus</strong></span> <span class='ocrx_word' id='word_1_466' title='bbox 2264 3098 2313 3139; x_wconf 87' lang='lat' dir='ltr'><strong>et</strong></span> <span class='ocrx_word' id='word_1_467' title='bbox 2342 3106 2420 3139; x_wconf 87' lang='lat' dir='ltr'><strong>co-</strong></span> 
     </span>
     <span class='ocr_line' id='line_1_94' title="bbox 1436 3150 2423 3217; baseline 0.009 -21"><span class='ocrx_word' id='word_1_468' title='bbox 1436 3150 1604 3197; x_wconf 87' lang='lat' dir='ltr'><strong>lumnis</strong></span> <span class='ocrx_word' id='word_1_469' title='bbox 1622 3150 1814 3198; x_wconf 75' lang='lat' dir='ltr'><strong>Graecos</strong></span> <span class='ocrx_word' id='word_1_470' title='bbox 1828 3151 1887 3198; x_wconf 80' lang='lat' dir='ltr'><strong>ad</strong></span> <span class='ocrx_word' id='word_1_471' title='bbox 1901 3150 2233 3217; x_wconf 82' lang='lat' dir='ltr'><strong>Thermopylas</strong></span> <span class='ocrx_word' id='word_1_472' title='bbox 2248 3157 2423 3206; x_wconf 86' lang='lat' dir='ltr'><strong>occisos</strong></span> 
     </span>
     <span class='ocr_line' id='line_1_95' title="bbox 1438 3215 2419 3285; baseline 0.01 -24"><span class='ocrx_word' id='word_1_473' title='bbox 1438 3215 1663 3263; x_wconf 87' lang='lat' dir='ltr'><strong>honorant</strong></span> <span class='ocrx_word' id='word_1_474' title='bbox 1704 3216 1781 3263; x_wconf 82' lang='lat' dir='ltr'><strong>vii.</strong></span> <span class='ocrx_word' id='word_1_475' title='bbox 1826 3220 1937 3266; x_wconf 85' lang='grc'><strong>228.</strong></span> <span class='ocrx_word' id='word_1_476' title='bbox 1973 3216 2233 3280; x_wconf 84' lang='lat' dir='ltr'><strong>Ephialtem</strong></span> <span class='ocrx_word' id='word_1_477' title='bbox 2266 3222 2419 3285; x_wconf 84' lang='lat' dir='ltr'><strong>prodi·</strong></span> 
     </span>
     <span class='ocr_line' id='line_1_96' title="bbox 1438 3280 2124 3343; baseline 0.01 -16"><span class='ocrx_word' id='word_1_478' title='bbox 1438 3286 1584 3327; x_wconf 87' lang='lat' dir='ltr'><strong>torem</strong></span> <span class='ocrx_word' id='word_1_479' title='bbox 1606 3280 1891 3343; x_wconf 87' lang='lat' dir='ltr'><strong>proscribunt</strong></span> <span class='ocrx_word' id='word_1_480' title='bbox 1908 3282 1987 3330; x_wconf 79' lang='lat' dir='ltr'><strong>vii.</strong></span> <span class='ocrx_word' id='word_1_481' title='bbox 2009 3287 2124 3333; x_wconf 86' lang='grc'><strong>213.</strong></span> 
     </span>
    </p>

    <p class='ocr_par' dir='ltr' id='par_1_38' title="bbox 1367 3342 2027 3409">
     <span class='ocr_line' id='line_1_97' title="bbox 1367 3342 2027 3409; baseline 0.003 -16"><span class='ocrx_word' id='word_1_482' title='bbox 1367 3342 1724 3408; x_wconf 87' lang='lat' dir='ltr'><strong>Amphictyonis</strong></span> <span class='ocrx_word' id='word_1_483' title='bbox 1742 3347 1959 3409; x_wconf 89' lang='lat' dir='ltr'><strong>templum</strong></span> <span class='ocrx_word' id='word_1_484' title='bbox 1978 3354 2027 3395; x_wconf 81' lang='lat' dir='ltr'><strong>et</strong></span> 
     </span>
    </p>

    <p class='ocr_par' dir='ltr' id='par_1_39' title="bbox 1369 3409 2423 3476">
     <span class='ocr_line' id='line_1_98' title="bbox 1369 3409 2423 3476; baseline 0.005 -16"><span class='ocrx_word' id='word_1_485' title='bbox 1369 3410 1765 3473; x_wconf 82' lang='lat' dir='ltr'><strong>Amphictyonidis</strong></span> <span class='ocrx_word' id='word_1_486' title='bbox 1786 3409 1968 3460; x_wconf 78' lang='lat' dir='ltr'><strong>Cereris</strong></span> <span class='ocrx_word' id='word_1_487' title='bbox 1978 3413 2197 3476; x_wconf 87' lang='lat' dir='ltr'><strong>templum</strong></span> <span class='ocrx_word' id='word_1_488' title='bbox 2210 3413 2288 3463; x_wconf 77' lang='lat' dir='ltr'><strong>vii.</strong></span> <span class='ocrx_word' id='word_1_489' title='bbox 2306 3419 2423 3470; x_wconf 82' lang='grc'><strong>200.</strong></span> 
     </span>
    </p>

    <p class='ocr_par' dir='ltr' id='par_1_40' title="bbox 1368 3476 2419 3655">
     <span class='ocr_line' id='line_1_99' title="bbox 1368 3476 2419 3543; baseline 0.005 -20"><span class='ocrx_word' id='word_1_490' title='bbox 1368 3476 1715 3537; x_wconf 85' lang='lat' dir='ltr'><strong>Amphilochus,</strong></span> <span class='ocrx_word' id='word_1_491' title='bbox 1728 3476 1991 3540; x_wconf 83' lang='lat' dir='ltr'><strong>Amphiarai</strong></span> <span class='ocrx_word' id='word_1_492' title='bbox 2004 3477 2080 3533; x_wconf 77' lang='lat' dir='ltr'><strong>fit,</strong></span> <span class='ocrx_word' id='word_1_493' title='bbox 2094 3477 2235 3543; x_wconf 80' lang='lat' dir='ltr'><strong>Troja</strong></span> <span class='ocrx_word' id='word_1_494' title='bbox 2250 3481 2419 3543; x_wconf 86' lang='lat' dir='ltr'><strong>ejectus</strong></span> 
     </span>
     <span class='ocr_line' id='line_1_100' title="bbox 1429 3540 2418 3609; baseline 0.006 -20"><span class='ocrx_word' id='word_1_495' title='bbox 1429 3542 1511 3589; x_wconf 81' lang='lat' dir='ltr'><strong>vii.</strong></span> <span class='ocrx_word' id='word_1_496' title='bbox 1524 3545 1604 3589; x_wconf 87' lang='grc'><strong>91.</strong></span> <span class='ocrx_word' id='word_1_497' title='bbox 1625 3540 1865 3590; x_wconf 75' lang='lat' dir='ltr'><strong>Posideion</strong></span> <span class='ocrx_word' id='word_1_498' title='bbox 1884 3544 2039 3591; x_wconf 89' lang='lat' dir='ltr'><strong>urbem</strong></span> <span class='ocrx_word' id='word_1_499' title='bbox 2063 3541 2418 3609; x_wconf 84' lang='lat' dir='ltr'><strong>Pamphylorum</strong></span> 
     </span>
     <span class='ocr_line' id='line_1_101' title="bbox 1433 3606 1817 3655; baseline 0.005 -2"><span class='ocrx_word' id='word_1_500' title='bbox 1433 3606 1634 3653; x_wconf 85' lang='lat' dir='ltr'><strong>condidit</strong></span> <span class='ocrx_word' id='word_1_501' title='bbox 1652 3607 1714 3653; x_wconf 87' lang='lat' dir='ltr'><strong>iii.</strong></span> <span class='ocrx_word' id='word_1_502' title='bbox 1736 3612 1817 3655; x_wconf 87' lang='grc'><strong>91.</strong></span> 
     </span>
    </p>

    <p class='ocr_par' dir='ltr' id='par_1_41' title="bbox 1367 3670 2241 3735">
     <span class='ocr_line' id='line_1_102' title="bbox 1367 3670 2241 3735; baseline 0.005 -18"><span class='ocrx_word' id='word_1_503' title='bbox 1367 3670 1667 3735; x_wconf 83' lang='lat' dir='ltr'><strong>Amphilytus</strong></span> <span class='ocrx_word' id='word_1_504' title='bbox 1689 3676 1900 3720; x_wconf 82' lang='lat' dir='ltr'><strong>Acarnan</strong></span> <span class='ocrx_word' id='word_1_505' title='bbox 1924 3673 2089 3721; x_wconf 86' lang='lat' dir='ltr'><strong>ariolus</strong></span> <span class='ocrx_word' id='word_1_506' title='bbox 2108 3674 2141 3720; x_wconf 88' lang='lat' dir='ltr'><strong>i.</strong></span> <span class='ocrx_word' id='word_1_507' title='bbox 2160 3674 2241 3722; x_wconf 65' lang='lat'><strong>6¹2.</strong></span> 
     </span>
    </p>

    <p class='ocr_par' dir='ltr' id='par_1_42' title="bbox 1365 3736 2423 3801">
     <span class='ocr_line' id='line_1_103' title="bbox 1365 3736 2423 3801; baseline 0.005 -19"><span class='ocrx_word' id='word_1_508' title='bbox 1365 3736 1757 3799; x_wconf 86' lang='lat' dir='ltr'><strong>Amphimnestus,</strong></span> <span class='ocrx_word' id='word_1_509' title='bbox 1778 3753 1943 3799; x_wconf 87' lang='lat' dir='ltr'><strong>procus</strong></span> <span class='ocrx_word' id='word_1_510' title='bbox 1964 3738 2197 3801; x_wconf 80' lang='lat' dir='ltr'><strong>Agaristae</strong></span> <span class='ocrx_word' id='word_1_511' title='bbox 2216 3740 2280 3786; x_wconf 78' lang='lat' dir='ltr'><strong>vi.</strong></span> <span class='ocrx_word' id='word_1_512' title='bbox 2312 3742 2423 3787; x_wconf 80' lang='grc'><strong>127.</strong></span> 
     </span>
    </p>

    <p class='ocr_par' dir='ltr' id='par_1_43' title="bbox 1364 3800 2416 3916">
     <span class='ocr_line' id='line_1_104' title="bbox 1364 3800 2416 3867; baseline 0.003 -18"><span class='ocrx_word' id='word_1_513' title='bbox 1364 3800 1639 3863; x_wconf 85' lang='lat' dir='ltr'><strong>Amphionis</strong></span> <span class='ocrx_word' id='word_1_514' title='bbox 1678 3802 1769 3851; x_wconf 82' lang='lat' dir='ltr'><strong>filia</strong></span> <span class='ocrx_word' id='word_1_515' title='bbox 1805 3804 1973 3858; x_wconf 81' lang='lat' dir='ltr'><strong>clauda,</strong></span> <span class='ocrx_word' id='word_1_516' title='bbox 2012 3802 2185 3859; x_wconf 80' lang='lat' dir='ltr'><strong>Labda,</strong></span> <span class='ocrx_word' id='word_1_517' title='bbox 2228 3800 2416 3867; x_wconf 78' lang='lat' dir='ltr'><strong>Cypseli</strong></span> 
     </span>
     <span class='ocr_line' id='line_1_105' title="bbox 1428 3872 1744 3916; baseline 0.009 -3"><span class='ocrx_word' id='word_1_518' title='bbox 1428 3874 1575 3914; x_wconf 88' lang='lat' dir='ltr'><strong>mater</strong></span> <span class='ocrx_word' id='word_1_519' title='bbox 1595 3883 1639 3915; x_wconf 78' lang='lat' dir='ltr'><strong>v.</strong></span> <span class='ocrx_word' id='word_1_520' title='bbox 1665 3872 1744 3916; x_wconf 83' lang='lat'><strong>92.</strong></span> 
     </span>
    </p>
   </div>
   <div class='ocr_carea' id='block_1_19' title="bbox 305 3929 2409 4061">
    <p class='ocr_par' dir='ltr' id='par_1_44' title="bbox 305 3929 2409 4061">
     <span class='ocr_line' id='line_1_106' title="bbox 305 3929 1962 4001; baseline -0.005 -17"><span class='ocrx_word' id='word_1_521' title='bbox 305 3950 463 4001; x_wconf 82' lang='lat' dir='ltr'><strong>pugna</strong></span> <span class='ocrx_word' id='word_1_522' title='bbox 496 3934 666 3983; x_wconf 87' lang='lat' dir='ltr'><strong>Geloni</strong></span> <span class='ocrx_word' id='word_1_523' title='bbox 699 3935 939 3980; x_wconf 85' lang='lat' dir='ltr'><strong>commissa</strong></span> <span class='ocrx_word' id='word_1_524' title='bbox 970 3932 1114 3979; x_wconf 89' lang='lat' dir='ltr'><strong>subito</strong></span> <span class='ocrx_word' id='word_1_525' title='bbox 1148 3930 1298 3993; x_wconf 85' lang='lat' dir='ltr'><strong>dispa-</strong></span> <span class='ocrx_word' id='word_1_526' title='bbox 1361 3929 1610 3994; x_wconf 87' lang='lat' dir='ltr'><strong>Amphissa</strong></span> <span class='ocrx_word' id='word_1_527' title='bbox 1639 3933 1744 3979; x_wconf 88' lang='lat' dir='ltr'><strong>urbs</strong></span> <span class='ocrx_word' id='word_1_528' title='bbox 1764 3932 1859 3979; x_wconf 81' lang='lat' dir='ltr'><strong>viii.</strong></span> <span class='ocrx_word' id='word_1_529' title='bbox 1882 3934 1962 3979; x_wconf 84' lang='grc'><strong>82.</strong></span> 
     </span>
     <span class='ocr_line' id='line_1_107' title="bbox 306 3992 2409 4061; baseline -0.002 -12"><span class='ocrx_word' id='word_1_530' title='bbox 306 4002 398 4049; x_wconf 88' lang='lat' dir='ltr'><strong>ruit</strong></span> <span class='ocrx_word' id='word_1_531' title='bbox 440 4000 517 4047; x_wconf 83' lang='lat' dir='ltr'><strong>vii.</strong></span> <span class='ocrx_word' id='word_1_532' title='bbox 561 4002 831 4047; x_wconf 77' lang='lat'>165-167.</span> <span class='ocrx_word' id='word_1_533' title='bbox 869 3998 912 4045; x_wconf 90' lang='lat' dir='ltr'><strong>ei</strong></span> <span class='ocrx_word' id='word_1_534' title='bbox 955 4010 1079 4043; x_wconf 83' lang='lat' dir='ltr'><strong>sacra</strong></span> <span class='ocrx_word' id='word_1_535' title='bbox 1124 3994 1298 4043; x_wconf 79' lang='lat' dir='ltr'><strong>faciunt</strong></span> <span class='ocrx_word' id='word_1_536' title='bbox 1361 3996 1653 4061; x_wconf 85' lang='lat' dir='ltr'><strong>Amphitryo,</strong></span> <span class='ocrx_word' id='word_1_537' title='bbox 1678 3996 1893 4043; x_wconf 86' lang='lat' dir='ltr'><strong>Herculis</strong></span> <span class='ocrx_word' id='word_1_538' title='bbox 1919 3998 2048 4057; x_wconf 83' lang='lat' dir='ltr'><strong>pater</strong></span> <span class='ocrx_word' id='word_1_539' title='bbox 2068 3992 2217 4041; x_wconf 88' lang='lat' dir='ltr'><strong>dictus</strong></span> <span class='ocrx_word' id='word_1_540' title='bbox 2238 3994 2299 4043; x_wconf 80' lang='lat' dir='ltr'><strong>vi.</strong></span> <span class='ocrx_word' id='word_1_541' title='bbox 2328 3999 2409 4047; x_wconf 82' lang='lat'><strong>53.</strong></span> 
     </span>
    </p>
   </div>
   <div class='ocr_carea' id='block_1_20' title="bbox 235 4064 1289 4261">
    <p class='ocr_par' dir='ltr' id='par_1_45' title="bbox 235 4064 1289 4261">
     <span class='ocr_line' id='line_1_108' title="bbox 307 4064 926 4129; baseline -0.011 -13"><span class='ocrx_word' id='word_1_542' title='bbox 307 4064 710 4129; x_wconf 83' lang='lat' dir='ltr'><strong>Carthaginienses</strong></span> <span class='ocrx_word' id='word_1_543' title='bbox 741 4079 781 4111; x_wconf 92' lang='lat' dir='ltr'><strong>c.</strong></span> <span class='ocrx_word' id='word_1_544' title='bbox 817 4066 926 4111; x_wconf 88' lang='grc'><strong>167.</strong></span> 
     </span>
     <span class='ocr_line' id='line_1_109' title="bbox 235 4124 1282 4188; baseline -0.008 -9"><span class='ocrx_word' id='word_1_545' title='bbox 235 4133 454 4187; x_wconf 82' lang='lat' dir='ltr'><strong>Aminias</strong></span> <span class='ocrx_word' id='word_1_546' title='bbox 486 4128 789 4188; x_wconf 87' lang='lat' dir='ltr'><strong>Pallenensis‚</strong></span> <span class='ocrx_word' id='word_1_547' title='bbox 829 4125 1119 4177; x_wconf 81' lang='lat' dir='ltr'><strong>Atheniensis</strong></span> <span class='ocrx_word' id='word_1_548' title='bbox 1150 4124 1282 4185; x_wconf 81' lang='lat' dir='ltr'><strong>civis,</strong></span> 
     </span>
     <span class='ocr_line' id='line_1_110' title="bbox 306 4190 1289 4261; baseline -0.008 -17"><span class='ocrx_word' id='word_1_549' title='bbox 306 4212 480 4261; x_wconf 79' lang='lat' dir='ltr'><strong>pugnae</strong></span> <span class='ocrx_word' id='word_1_550' title='bbox 512 4195 686 4243; x_wconf 82' lang='lat' dir='ltr'><strong>navalis</strong></span> <span class='ocrx_word' id='word_1_551' title='bbox 718 4194 775 4242; x_wconf 91' lang='lat' dir='ltr'><strong>ad</strong></span> <span class='ocrx_word' id='word_1_552' title='bbox 809 4192 1078 4242; x_wconf 84' lang='lat' dir='ltr'><strong>Salaminem</strong></span> <span class='ocrx_word' id='word_1_553' title='bbox 1108 4190 1289 4237; x_wconf 85' lang='lat' dir='ltr'><strong>initium</strong></span> 
     </span>
    </p>
   </div>
   <div class='ocr_carea' id='block_1_21' title="bbox 1416 4057 2410 4255">
    <p class='ocr_par' dir='ltr' id='par_1_46' title="bbox 1416 4057 2410 4255">
     <span class='ocr_line' id='line_1_111' title="bbox 1422 4057 2410 4125; baseline 0 -16"><span class='ocrx_word' id='word_1_554' title='bbox 1422 4063 1543 4111; x_wconf 87' lang='lat' dir='ltr'><strong>idem</strong></span> <span class='ocrx_word' id='word_1_555' title='bbox 1578 4072 1626 4109; x_wconf 89' lang='lat' dir='ltr'><strong>et</strong></span> <span class='ocrx_word' id='word_1_556' title='bbox 1656 4061 1891 4115; x_wconf 83' lang='lat' dir='ltr'><strong>Alcmena,</strong></span> <span class='ocrx_word' id='word_1_557' title='bbox 1931 4057 2151 4106; x_wconf 85' lang='lat' dir='ltr'><strong>Herculis</strong></span> <span class='ocrx_word' id='word_1_558' title='bbox 2180 4068 2410 4125; x_wconf 85' lang='lat' dir='ltr'><strong>parentes,</strong></span> 
     </span>
     <span class='ocr_line' id='line_1_112' title="bbox 1416 4124 2141 4193; baseline -0.003 -18"><span class='ocrx_word' id='word_1_559' title='bbox 1416 4128 1596 4193; x_wconf 78' lang='lat' dir='ltr'><strong>origine</strong></span> <span class='ocrx_word' id='word_1_560' title='bbox 1615 4126 1827 4188; x_wconf 78' lang='lat' dir='ltr'><strong>AEgyptii</strong></span> <span class='ocrx_word' id='word_1_561' title='bbox 1847 4124 1975 4173; x_wconf 81' lang='lat' dir='ltr'><strong>fuere</strong></span> <span class='ocrx_word' id='word_1_562' title='bbox 1993 4124 2040 4170; x_wconf 89' lang='lat' dir='ltr'><strong>ii.</strong></span> <span class='ocrx_word' id='word_1_563' title='bbox 2060 4128 2141 4173; x_wconf 71' lang='lat'><strong>43.</strong></span> 
     </span>
     <span class='ocr_line' id='line_1_113' title="bbox 1486 4190 2175 4255; baseline -0.006 -14"><span class='ocrx_word' id='word_1_564' title='bbox 1486 4191 1837 4255; x_wconf 83' lang='lat' dir='ltr'><strong>Amphitryonis</strong></span> <span class='ocrx_word' id='word_1_565' title='bbox 1856 4190 2001 4251; x_wconf 88' lang='lat' dir='ltr'><strong>tripus</strong></span> <span class='ocrx_word' id='word_1_566' title='bbox 2020 4203 2069 4237; x_wconf 81' lang='lat' dir='ltr'><strong>v.</strong></span> <span class='ocrx_word' id='word_1_567' title='bbox 2090 4193 2175 4238; x_wconf 73' lang='lat'><strong>59.</strong></span> 
     </span>
    </p>
   </div>
   <div class='ocr_carea' id='block_1_22' title="bbox 303 4218 2415 4321">
    <p class='ocr_par' dir='ltr' id='par_1_47' title="bbox 303 4218 2415 4321">
     <span class='ocr_line' id='line_1_114' title="bbox 303 4218 2415 4321; baseline -0.003 -10"><span class='ocrx_word' id='word_1_568' title='bbox 303 4262 417 4311; x_wconf 81' lang='lat' dir='ltr'><strong>facit</strong></span> <span class='ocrx_word' id='word_1_569' title='bbox 437 4261 530 4309; x_wconf 82' lang='lat' dir='ltr'><strong>viii.</strong></span> <span class='ocrx_word' id='word_1_570' title='bbox 557 4266 636 4310; x_wconf 81' lang='grc'><strong>84.</strong></span> <span class='ocrx_word' id='word_1_571' title='bbox 655 4260 736 4308; x_wconf 73' lang='lat' dir='ltr'><strong>ubi</strong></span> <span class='ocrx_word' id='word_1_572' title='bbox 755 4260 847 4307; x_wconf 76' lang='lat' dir='ltr'><strong>vid.</strong></span> <span class='ocrx_word' id='word_1_573' title='bbox 870 4259 982 4306; x_wconf 73' lang='lat' dir='ltr'><strong>adn.</strong></span> <span class='ocrx_word' id='word_1_574' title='bbox 997 4256 1290 4304; x_wconf 84' lang='lat' dir='ltr'><strong>Artemisiam</strong></span> <span class='ocrx_word' id='word_1_575' title='bbox 1358 4256 1608 4321; x_wconf 76' lang='lat' dir='ltr'><strong>Ampracia</strong></span> <span class='ocrx_word' id='word_1_576' title='bbox 1630 4258 1745 4315; x_wconf 74' lang='lat' dir='ltr'><strong>(non</strong></span> <span class='ocrx_word' id='word_1_577' title='bbox 1772 4252 2035 4317; x_wconf 82' lang='lat' dir='ltr'><strong>Ambracia)</strong></span> <span class='ocrx_word' id='word_1_578' title='bbox 2056 4256 2222 4304; x_wconf 70' lang='lat' dir='ltr'><strong>scribit</strong></span> <span class='ocrx_word' id='word_1_579' title='bbox 2254 4218 2415 4305; x_wconf 53' lang='lat' dir='ltr'><strong>Hero:</strong></span> 
     </span>
    </p>
   </div>
   <div class='ocr_carea' id='block_1_23' title="bbox 302 4322 1291 4458">
    <p class='ocr_par' dir='ltr' id='par_1_48' title="bbox 302 4322 1291 4477">
     <span class='ocr_line' id='line_1_115' title="bbox 302 4322 1291 4391; baseline -0.004 -16"><span class='ocrx_word' id='word_1_580' title='bbox 302 4326 556 4391; x_wconf 75' lang='lat' dir='ltr'><strong>fugientem</strong></span> <span class='ocrx_word' id='word_1_581' title='bbox 577 4326 806 4374; x_wconf 85' lang='lat' dir='ltr'><strong>insecutus</strong></span> <span class='ocrx_word' id='word_1_582' title='bbox 826 4323 918 4371; x_wconf 86' lang='lat' dir='ltr'><strong>viii.</strong></span> <span class='ocrx_word' id='word_1_583' title='bbox 931 4326 1011 4371; x_wconf 87' lang='grc'><strong>98.</strong></span> <span class='ocrx_word' id='word_1_584' title='bbox 1027 4322 1129 4371; x_wconf 80' lang='lat' dir='ltr'><strong>coll.</strong></span> <span class='ocrx_word' id='word_1_585' title='bbox 1145 4336 1187 4371; x_wconf 84' lang='lat' dir='ltr'><strong>c.</strong></span> <span class='ocrx_word' id='word_1_586' title='bbox 1209 4322 1291 4372; x_wconf 76' lang='lat'><strong>8⁷.</strong></span> 
     </span>
     <span class='ocr_line' id='line_1_116' title="bbox 304 4388 1031 4458; baseline -0.007 -16"><span class='ocrx_word' id='word_1_587' title='bbox 304 4393 534 4458; x_wconf 72' lang='lat' dir='ltr'><strong>proecipua</strong></span> <span class='ocrx_word' id='word_1_588' title='bbox 552 4392 655 4441; x_wconf 85' lang='lat' dir='ltr'><strong>laus</strong></span> <span class='ocrx_word' id='word_1_589' title='bbox 673 4392 717 4441; x_wconf 82' lang='lat' dir='ltr'><strong>ei</strong></span> <span class='ocrx_word' id='word_1_590' title='bbox 737 4390 902 4438; x_wconf 60' lang='lat' dir='ltr'><strong>tribum</strong></span> <span class='ocrx_word' id='word_1_591' title='bbox 920 4388 1031 4436; x_wconf 69' lang='lat' dir='ltr'><strong>ibid.</strong></span> 
     </span>
    </p>
   </div>
   <div class='ocr_carea' id='block_1_24' title="bbox 1421 4320 2415 4452">
    <p class='ocr_par' dir='ltr' id='par_1_49' title="bbox 1421 4320 2415 4452">
     <span class='ocr_line' id='line_1_117' title="bbox 1421 4320 2415 4383; baseline -0.005 -14"><span class='ocrx_word' id='word_1_592' title='bbox 1421 4324 1588 4373; x_wconf 70' lang='lat' dir='ltr'><strong>dotus-⁰</strong></span> <span class='ocrx_word' id='word_1_593' title='bbox 1636 4322 1707 4369; x_wconf 73' lang='lat' dir='ltr'><strong>sic</strong></span> <span class='ocrx_word' id='word_1_594' title='bbox 1740 4321 2067 4383; x_wconf 64' lang='lat' dir='ltr'><strong>&#39;Aprpoemffws</strong></span> <span class='ocrx_word' id='word_1_595' title='bbox 2102 4322 2179 4369; x_wconf 73' lang='lat' dir='ltr'><strong>vel</strong></span> <span class='ocrx_word' id='word_1_596' title='bbox 2212 4320 2415 4383; x_wconf 66' lang='lat' dir='ltr'><strong>’Aps-pa.</strong></span> 
     </span>
     <span class='ocr_line' id='line_1_118' title="bbox 1422 4384 2413 4452; baseline 0 -17"><span class='ocrx_word' id='word_1_597' title='bbox 1422 4394 1596 4443; x_wconf 58' lang='lat' dir='ltr'><strong>affirm.</strong></span> <span class='ocrx_word' id='word_1_598' title='bbox 1612 4384 1923 4452; x_wconf 66' lang='lat' dir='ltr'><strong>Ampndotae</strong></span> <span class='ocrx_word' id='word_1_599' title='bbox 1941 4384 2036 4435; x_wconf 72' lang='lat' dir='ltr'><strong>viii·</strong></span> <span class='ocrx_word' id='word_1_600' title='bbox 2053 4388 2134 4436; x_wconf 77' lang='lat'><strong>4⁷.</strong></span> <span class='ocrx_word' id='word_1_601' title='bbox 2153 4384 2217 4435; x_wconf 78' lang='lat' dir='ltr'><strong>ix·</strong></span> <span class='ocrx_word' id='word_1_602' title='bbox 2236 4390 2315 4435; x_wconf 79' lang='lat'><strong>28.</strong></span> <span class='ocrx_word' id='word_1_603' title='bbox 2329 4390 2413 4435; x_wconf 80' lang='lat'><strong>81.</strong></span> 
     </span>
    </p>
   </div>
  </div>
 </body>
</html>
