2850 4792
1063 162 1158 225 1:1³-
1189 162 1687 228 PERSONARUM.
1774 185 1781 189 ·

339 306 418 364 fit..
435 322 494 357 ex
515 306 935 357 Achaemenidarum
949 296 1117 356 familia
1135 308 1183 355 ii.
1211 310 1253 355 1.
1271 308 1340 359 iii.

307 434 314 439 ὁ
340 378 388 427 2.
413 375 680 437 ejusgenus
701 372 914 438 AEgy'ptii
945 372 1058 421 falso
1081 374 1160 421 sibi
1185 374 1330 421 vindi-

341 438 529 485 ca‘nt‘iii.
553 447 600 487 2.

401 514 576 567 patrem
596 504 642 549 in
664 497 786 550 bello
805 500 1114 563 Massagetico
1137 494 1323 551 comita·

325 572 428 621 tus,
453 582 556 616 cum
591 566 756 616 Groeso
780 569 824 613 in
850 567 1049 614 Pasiam
1085 568 1328 616 remittitur

337 634 368 680 i.
385 638 493 681 208.
561 634 690 695 Cyro
706 626 885 679 mo'rtuo
908 648 1099 695 regnum
1122 634 1322 695 suscipit,

339 705 387 745 et
419 699 748 763 expeditionem
769 698 816 743 i'n
839 698 1096 759 AEgyptum
1129 706 1256 759 parat
1279 700 1325 744 il.

341 766 383 810 l.
405 764 466 811 iii.
497 762 631 812 14-4.
650 765 729 809 ubi
749 778 900 809 causae
914 764 1046 825 hujus
1067 764 1170 809 belli
1191 778 1329 811 enar-

337 834 512 875 rant-ur
527 847 547 885 ,-
571 844 673 875 cum
703 828 899 874 Arabum
923 843 1032 891 rege
1052 827 1200 875 foedus
1221 829 1324 885 init,

339 898 386 938 et
409 900 556 939 tutum
589 893 826 939 transitum
861 892 1034 939 obtinet
1066 908 1104 939 c.
1129 897 1271 945 7-9.
1299 906 1340 939 a·

341 954 586 1019 Polycrate
617 958 798 1005 navales
836 958 987 1017 copias
1022 960 1135 1019 petit
1172 972 1210 1004 c.
1247 962 1326 1005 44.

340 1024 442 1069 coll.
465 1038 504 1069 c.
525 1021 612 1069 25.
634 1028 680 1069 et
720 1026 824 1071 139.
860 1022 1219 1069 Psammenitum
1255 1038 1342 1070 re-<‘

335 1098 444 1149 gem
467 1088 524 1135 ad
546 1087 776 1134 Pelusium
811 1087 900 1133 acri
934 1086 1090 1149 praelio
1121 1088 1324 1135 vincite.

340 1155 405 1199 10
424 1168 514 1214 seq.
538 1152 776 1215 Memphin
811 1152 962 1199 urbem
997 1163 1245 1215 expugnat,
1273 1157 1327 1199 et

339 1217 550 1265 universa
581 1219 752 1281 potitur
785 1216 994 1277 AEgypto
1027 1232 1067 1263 c.
1110 1219 1262 1280 lsslqfi
1279 1217 1324 1265 ii.

343 1284 452 1329 181.
476 1282 660 1345 Libyes,
698 1280 912 1342 Cyrenaei
933 1292 979 1328 et
1001 1280 1177 1329 Barcaei
1204 1282 1324 1329 ultro

338 1346 381 1393 ei
406 1362 454 1393 se
475 1348 644 1397 dedunt
665 1362 704 1393 c.
725 1350 800 1393 13.
817 1348 877 1408 qs}
899 1348 960 1393 iv.
991 1346 1326 1394 isa—Psam-

339 1412 560 1461 menitum
585 1419 766 1474 captum
799 1412 1058 1457 humaniter
1079 1420 1254 1465 tractat,
1279 1416 1344 1459 at*

262 1474 268 1480 ’
335 1484 494 1540 postea
516 1478 630 1525 tauri
663 1477 929 1536 sanguinem
961 1476 1112 1523 bibere
1133 1478 1264 1539 jubet
1285 1492 1324 1525 c.

341 1544 402 1588 14
419 1557 509 1603 seq.
527 1544 574 1589 in
593 1542 668 1589 Sai
686 1542 794 1587 urbe
811 1540 856 1586 in
883 1540 1112 1587 Amasidis
1135 1542 1326 1589 cadaver

337 1606 470 1653 saevit
491 1622 528 1653 c.
567 1609 643 1655 16.
673 1606 835 1669 triplex
867 1605 1013 1652 facere
1043 1606 1206 1653 bellum
1243 1606 1324 1653 sibi

333 1674 547 1734 proponit
568 1688 606 1719 c.
637 1676 706 1718 17.
725 1672 780 1717 ad
798 1670 1038 1733 AEthiopas
1059 1672 1198 1717 mittit
1219 1686 1324 1733 spe-

335 1735 556 1785 culatores
609 1734 992 1797 Ichthyophagoa
1037 1736 1115 1797 qui
1169 1751 1322 1783 arcum

332 1802 643 1865 AEthiopicum
681 1802 722 1847 ei
778 1800 986 1847 adferunt
1027 1814 1068 1847 c.
1121 1804 1320 1848 18-23.

334 1868 506 1916 Thebis
537 1868 638 1917 adv.
671 1866 915 1925 AEthiopas
963 1866 1098 1918 ducit,
1135 1872 1182 1913 at
1213 1882 1323 1913 mox

332 1932 454 1982 fame
475 1940 658 1979 coactus
675 1932 913 1978 revertitur
929 1946 968 1977 c.
993 1936 1075 1978 25.
1099 1934 1338 1979 exercitus·

334 1999 438 2047 adv.
462 1997 727 2043 Ammonios
759 1996 924 2043 missus
955 2010 1090 2043 arena
1121 1997 1325 2044 obruitur

335 2079 376 2112 c.
399 2065 464 2112 25
485 2078 554 2123 sq.
577 2060 802 2123 expeditio
834 2061 935 2107 adv.
967 2058 1320 2122 Carthaginien-

335 2144 409 2177 ses
444 2125 714 2173 Plioenicum
745 2124 914 2185 pietate
944 2123 1158 2171 frustrata
1178 2141 1216 2171 c.
1245 2130 1319 2173 19.

332 2192 645 2253 ——Memphin
711 2204 918 2235 reversus
973 2187 1222 2249 Cambyses
1273 2191 1321 2236 in

332 2256 591 2320 AEgyptios
645 2254 780 2315 Apidi
825 2251 990 2298 festum
1047 2253 1320 2301 celebrantes

331 2330 579 2387 grassatus,
621 2319 769 2380 ipsum
809 2316 1001 2379 Apidem
1041 2317 1246 2364 vulnerat
1279 2333 1320 2365 c.

331 2390 541 2437 27-29.
574 2384 680 2431 inde
710 2381 921 2436 furiosus,
957 2383 1132 2430 somnio
1163 2383 1321 2430 illusus

333 2452 420 2513 (cf.
455 2465 494 2498 c.
539 2448 644 2509 64.)
690 2449 873 2495 fratrem
919 2448 1125 2495 SmerdIn
1169 2450 1320 2495 necari

303 2516 469 2581 'juba-t,
504 2522 551 2561 et
583 2528 782 2561 sororem
826 2512 1101 2574 eandemque
1131 2526 1320 2559 uxorem

289 2576 294 2581 ’
335 2581 416 2627 sibi
439 2588 632 2626 sumtam
655 2576 864 2625 interficit
885 2592 926 2624 c.
944 2582 1148 2624 30-32,
1171 2576 1256 2623 alia
1272 2580 1317 2624 in

335 2643 500 2691 Persas
543 2644 635 2691 edit
677 2643 876 2689 facinora
917 2641 1102 2698 nefaria,
1145 2641 1256 2694 inde⁴
1291 2658 1318 2690 a

312 2720 470 2774 “puero
494 2710 648 2755 morbo
671 2724 797 2755 sacro
830 2708 1064 2765 laborans;
1098 2706 1144 2751 in
1181 2706 1316 2754 Croe-

329 2790 431 2823 sum
452 2776 567 2821 bene
588 2782 848 2821 monentem
883 2774 1093 2835 sagittam
1117 2772 1312 2829 emittit3

311 2846 376 2889 'et
399 2837 662 2889 Cabirorum
685 2841 823 2887 sacris
841 2838 989 2885 illudit
1009 2852 1047 2883 c.
1069 2840 1132 2885 33
1142 2840 1280 2885 -38.

395 2913 554 2952 contra
594 2918 699 2950 eum
732 2904 779 2949 in
815 2904 1016 2965 AEgypto
1060 2908 1310 2948 morantem

305 2966 574 3033 'insurgunt
627 2968 716 3015 duo
771 2967 923 3029 Magi,
979 2974 1026 3013 et
1079 2982 1311 3027 praecones

330 3032 566 3081 Ecbatana
589 3032 734 3095 Syrlae
755 3034 956 3086 mittunt,
978 3032 1052 3093 qui
1073 3032 1309 3093 imperium

328 3100 372 3146 ei
393 3101 612 3163 abrogent
635 3114 674 3145 c.
693 3102 904 3145 61-63,
929 3097 1013 3159 (cfi
1036 3110 1074 3142 c.
1103 3094 1234 3157 120.)
1257 3097 1312 3144 ab

323 3164 416 3211 illis
436 3178 616 3227 poenam
640 3168 886 3219 sumturus,
910 3162 1061 3224 gladio
1077 3160 1196 3208 forte
1211 3162 1312 3208 vul-

323 3237 524 3283 neratus,
573 3228 813 3276 Persarum
867 3242 1074 3289 proceres
1115 3228 1316 3273 moriens

325 3295 590 3347 obtestatur,
645 3308 705 3339 ne
756 3292 992 3355 imperium
1047 3292 1102 3338 ad
1145 3292 1312 3339 Medos

305 3360 473 3405 ‘redire
513 3358 740 3421 patiantur
782 3372 820 3404 c.
853 3358 918 3405 64
948 3372 1040 3419 seq.
1074 3355 1311 3419 Regnavit

325 3436 411 3470 vn.
451 3438 594 3470 annos
635 3432 682 3469 ct
720 3439 764 3469 v.
799 3436 980 3469 menses
1014 3436 1051 3467 c.
1087 3423 1314 3469 66.—cur

303 3487 559 3549 ,Dominus
581 3502 608 3535 a
631 3486 784 3535 Persis
805 3486 1051 3548 adpelletur
1071 3486 1131 3532 iii.
1154 3491 1232 3539 89.

261 3552 440 3605 Cameli
465 3554 496 3599 i.
515 3557 594 3601 80.
615 3553 676 3599 iii.
702 3556 810 3601 103.
830 3552 906 3598 vii.
930 3554 1006 3600 86.
1041 3552 1199 3598 cameli
1234 3551 1312 3598 de·

323 3618 509 3680 scriptio
527 3618 593 3664 iii.
612 3621 720 3665 103.
743 3616 942 3663 camelos
965 3615 1126 3662 timent
1157 3616 1256 3677 equi
1279 3617 1309 3663 i.

325 3688 405 3731 80.
427 3683 584 3731 cameli
607 3698 634 3730 a
651 3684 856 3730 leonibus
885 3681 1069 3727 lacerati
1102 3682 1176 3727 vii.
1205 3685 1310 3728 125.

255 3747 491 3802 Camicus,
514 3764 615 3810 opp.
641 3748 820 3801 Siciliae,
845 3746 1078 3793 Herodoti
1097 3752 1238 3791 aetate
1257 3747 1312 3792 ab

323 3814 644 3879 Agrigentinis
674 3812 958 3868 habitatum;
991 3811 1088 3873 ejus
1110 3807 1310 3857 obsessio

321 3878 403 3926 vii.
433 3880 536 3927 169.
564 3882 670 3926 170.

257 3942 486 3993 caminus
505 3942 778 4005 po'e’matium
801 3940 997 3987 Homeri
1020 3940 1090 3987 H.
1113 3944 1192 3987 32.

256 4001 496 4066 Camirus]
515 4008 672 4055 civitas
694 4006 987 4054 Doriensium
1009 4006 1038 4051 i.
1069 4008 1174 4051 144.

257 4072 464 4135 eampse
484 4072 590 4119 urbs
620 4070 846 4122 Crossaeae
873 4070 1072 4133 regionis
1095 4068 1175 4117 vii.
1206 4072 1311 4116 123.
1343 4074 1350 4083 “

259 4136 410 4188 Canae
429 4152 579 4195 mons,
603 4140 741 4195 κάνης
759 4137 844 4197 ὅρος
865 4136 940 4181 vii.
962 4135 1040 4182 42.

259 4200 460 4252 canales
479 4202 669 4251 coriacei
690 4202 818 4249 mirae
838 4198 1132 4263 longitudinis
1153 4198 1213 4244 iii.
1235 4202 1282 4246 9.

258 4266 582 4317 &nastraeum
604 4267 961 4328 promontorium
983 4266 1061 4311 vii.
1093 4268 1196 4311 123.
1236 4277 1240 4283 ’

241 4331 542 4387 Candaules.
573 4330 726 4393 Myrsi
745 4332 824 4388 fil..
835 4330 1056 4379 Sardium
1079 4336 1314 4393 tyrannus,

329 4411 434 4445 vox..
458 4411 512 4446 11.

1351 3030 1599 3089 ,Carenus‚
1622 3030 1839 3079 Euaeneti

2390 166 2465 231 0²⁵*

1460 307 1686 369 Myrsilus
1730 324 1757 359 a
1800 310 1980 359 Graecis
2026 313 2282 363 nominatus
2322 312 2354 359 i.
2398 316 2455 359 7:

1459 378 1645 421 uxorem
1678 391 1801 423 suam
1838 378 2034 441 conspici
2067 379 2231 425 nudam
2255 394 2283 425 a
2306 376 2447 439 Gyge

1456 439 1555 484 vult
1578 440 1607 485 i.
1632 446 1677 487 8.
1704 446 1778 489 10.
1802 443 1955 489 uxoris
1988 450 2035 489 et
2070 442 2222 505 Gygis
2254 440 2442 490 consilio

1456 510 1502 548 et
1524 503 1632 549 dolo
1648 506 1922 553 interimitur
1946 506 1981 567 i.
2011 513 2082 555 11.
2112 511 2183 554 12.

1391 565 1646 678 Cangdaules
1679 572 1805 619 alius
1837 571 2179 635 Damasithymi
2212 580 2337 635 pater
2366 571 2446 619 vii.

1388 694 1539 745 Canes
1566 696 1709 746 Indici
1725 701 1755 747 i.
1776 691 1983 749 192.'vii.
2012 706 2116 751 187.
2136 714 2271 749 canes
2288 696 2440 748 cust'o-
2483 724 2491 738 ι

1446 762 1531 808 'des
1552 764 1713 810 domus
1738 766 1807 813 H.
1834 770 1915 813 22.

1389 824 1617 875 Cannabis
1650 836 1809 891 sponte
1842 838 1947 877 nata
1978 838 2026 877 et
2056 835 2153 879 sata
2184 832 2231 877 in
2256 828 2459 894 Scythia⁸

1451 894 1513 939 iv.
1538 896 1613 940 74.
1686 894 1695 907 ³

1390 954 1603 1003 Canobus
1625 974 1727 1020 opp.
1752 958 1944 1021 AEgypti
1966 959 2012 1005 ii.
2034 962 2115 1009 97.

1391 1020 1670 1069 Canobicum
1704 1023 1802 1070 Nili
1835 1024 1999 1071 ostium
2032 1025 2079 1073 ii.
2119 1026 2191 1073 15.
2227 1028 2302 1075 17.
2331 1028 2441 1074 113.

1391 1149 1677 1213 Caphareum
1701 1154 2059 1215 promontorium
2081 1155 2174 1202 viii.
2202 1157 2247 1201 ’7.

1389 1214 1669 1278 Capillorum
1714 1227 1899 1267 tonsura
1942 1219 2059 1281 apud
2090 1217 2356 1267 Arabes·iii.
2390 1222 2439 1267 8.

1454 1283 1550 1327 vid.
1576 1281 1737 1330 Coma.

1390 1342 1551 1407 Capita
1573 1362 1779 1407 quercus,
1818 1348 1951 1407 Δρυὸς
1982 1351 2192 1409 Κεφαλαὶ,
2223 1347 2353 1396 locus
2374 1350 2441 1397 sic

1453 1411 1613 1465 dictus,
1635 1412 1681 1458 in
1706 1410 1971 1460 Cithaerone
1992 1422 2147 1461 monte
2168 1415 2229 1461 ix.
2250 1418 2331 1463 39.
2365 1424 2371 1428 “

1390 1472 1917 1537 Cappadociae'fertilitas
1936 1478 1969 1525 i.
1992 1479 2070 1525 73.
2445 1476 2457 1487 ”

1390 1538 1681 1603 Cappadoces
1708 1558 1733 1589 a
1755 1543 1933 1591 Graecis
1958 1542 2060 1601 Syri
2079 1542 2295 1590 nominati
2314 1542 2341 1591 i.
2360 1547 2455 1593 72..

1417 1618 1422 1623 ·
1452 1621 1497 1651 v.
1519 1610 1597 1660 49.
1619 1607 1697 1652 vii.
1712 1610 1739 1652 '7
1746 1611 1789 1653 2.
1814 1602 2154 1669 Cappadocibus
2174 1608 2342 1655 bellum
2364 1609 2438 1657 in·

1449 1669 1539 1717 fert
1563 1670 1753 1719 Croesus
1772 1672 1803 1718 i.
1826 1676 1904 1720 71.
1928 1678 2006 1719 ’ῖ3.

1390 1732 1563 1795 Capras
1596 1736 1825 1793 Mendesii
1858 1752 1947 1784 non
1968 1744 2171 1786 mactant
2190 1739 2235 1787 ii.
2254 1743 2331 1787 42.
2357 1742 2437 1789 46.

1389 1799 1589 1863 Caprarii
1612 1802 1853 1848 ixi-honore
1873 1802 1988 1864 apud
2012 1802 2277 1851 Mendesios
2292 1805 2338 1852 ii.
2356 1810 2436 1855 46.

1389 1864 1664 1929 Capripedes
1686 1866 1889 1918 homines
1910 1868 1968 1915 iv.
1993 1870 2071 1915 25.
2106 1914 2115 1919 .

1388 1928 1577 1993 Capreae
1598 1938 1646 1978 et
1665 1932 1809 1978 bubali
1834 1948 1902 1993 ap.
1924 1930 2063 1980 Afros
2083 1933 2145 1981 iv.
2174 1937 2280 1982 192.

1388 1994 1683 2058 Captivorum
1718 1996 1965 2043 immolatio
1982 1996 2118 2059 'apud
2149 2000 2355 2062 Scythas,
2372 2002 2436 2051 iv.

1452 2064 1531 2109 62.
1553 2068 1599 2107 et
1620 2062 1737 2123 apud
1758 2061 1937 2109 Tauros
1958 2063 2021 2122 iv.
2052 2069 2153 2111 103.

1387 2124 1537 2187 Caput
1558 2126 1726 2173 nullam
1760 2138 1961 2173 suturam
1985 2128 2151 2176 habens
2174 2130 2234 2176 ix.
2259 2134 2336 2179 83.
2359 2147 2435 2179 ca-

1448 2199 1534 2251 put,
1554 2192 1695 2237 hostis
1728 2192 1937 2252 prostrati
1966 2192 2083 2255 pelle
2117 2195 2286 2242 nudant
2320 2196 2436 2257 Scy-

1448 2256 1543 2301 thae
1569 2255 1629 2301 iv.
1651 2258 1731 2302 64.
1764 2264 1809 2302 et
1842 2271 1869 2302 e
1900 2258 2061 2304 craniis
2093 2268 2250 2321 potant
2283 2276 2322 2309 c.
2353 2258 2437 2309 65.

1448 2319 1596 2380 capita
1622 2320 1901 2381 captivorum
1933 2322 2129 2369 hostium
2152 2327 2338 2386 praealto
2360 2327 2433 2373 in·

1447 2382 1541 2429 fixa
1564 2383 1663 2444 palo
1686 2400 1819 2446 supra
1841 2385 2023 2433 domum
2048 2397 2197 2435 erecta
2220 2398 2433 2453 tanquam

1447 2448 1611 2493 aedium
1641 2450 1849 2496 custodes
1882 2451 1999 2511 apud
2031 2450 2209 2501 Tauros
2243 2455 2439 2517 Scythas

1444 2512 1507 2558 iv.
1547 2516 1651 2560 103.
1691 2521 1823 2575 caput
1858 2516 2031 2561 Onesili
2064 2518 2118 2562 ab
2151 2520 2433 2569 Amathusiis

1447 2592 1581 2637 super
1602 2578 1750 2639 oppidi
1773 2585 1927 2639 portas
1961 2595 2226 2642 suspensum
2249 2600 2293 2631 v.
2324 2588 2441 2635 114.

1382 2638 1477 2689 Car
1506 2641 1667 2689 fratres
1700 2642 1852 2689 habuit
1884 2642 2069 2704 Lydum
2102 2654 2149 2692 et
2181 2648 2375 2709 Mysum
2398 2651 2453 2698 i.-

1380 2769 1637 2825 carcinffis,
1660 2787 1763 2833 opp.
1788 2771 1991 2833 scythiae
2012 2774 2074 2821 iv.
2098 2765 2179 2823 552
2198 2778 2277 2825 99.

1377 2834 1649 2899 Cardamyle
1673 2836 1901 2884 Laconica
1922 2837 2013 2885 viii.
2037 2842 2115 2888 75.

1375 2900 1541 2950 Cardia
1564 2918 1667 2965 opp.
1692 2901 1967 2950 Chersonesi
1990 2904 2049 2951 vi.
2072 2908 2151 2952 33.
2172 2901 2345 2956 vitis&
2364 2907 2429 2956 ix.
2452 2904 2461 2927 ³

1860 3039 1987 3095 pater
2008 3033 2083 3081 vii.
2108 3037 2217 3085 173.
2444 3088 2451 3095 ,

1375 3092 1556 3146 Canas.
1583 3097 1689 3142 olim
1726 3096 1939 3160 Leleges,
1966 3098 2143 3146 Minois
2165 3110 2210 3148 et
2234 3098 2457 3150 Cretum¹

1438 3162 1625 3223 imperio
1656 3162 1871 3224 subjecti;
1907 3178 2063 3209 eorum
2087 3162 2170 3212 tria
2192 3166 2375 3214 inventa
2396 3170 2431 3219 i.

1447 3228 1551 3275 171.
1576 3242 1602 3273 a
1625 3224 1789 3273 Croeso
1822 3228 1989 3275 subacti
2024 3229 2053 3275 i.
2076 3234 2155 3278 28.
2189 3230 2337 3277 denuo
2370 3234 2426 3285 ab
2451 3230 2457 3239 “

1440 3290 1663 3353 Harpago
1680 3292 1707 3337 i.
1731 3296 1836 3339 174.
1853 3308 2009 3340 eorum
2026 3309 2053 3341 a
2071 3292 2221 3342 Persis
2235 3296 2427 3347 defectio

1441 3364 1488 3403 et
1520 3372 1692 3419 pugnae
1718 3372 1763 3403 v.
1800 3360 2070 3406 117-120.
2103 3375 2241 3407 naves
2274 3369 2321 3409 et
2352 3378 2427 3410 ar.

1439 3430 1611 3467 matura
1634 3422 1680 3467 in
1705 3420 1877 3469 Xerxis
1898 3423 2097 3470 exercitu
2118 3424 2194 3473 vii.
2218 3428 2295 3475 93.
2378 3430 2388 3443 ⁰
2455 3422 2459 3427 ’

1506 3484 1649 3534 Cares
1670 3487 1715 3531 in
1742 3485 1949 3550 AEgypto
1980 3488 2036 3535 ad
2071 3487 2301 3538 Pelusium
2324 3489 2424 3541 Nili

1436 3552 1603 3597 ostium
1637 3552 1885 3600 habitantes
1917 3554 1963 3602 ii.
1986 3558 2064 3601 61.
2092 3558 2199 3605 152.
2227 3560 2331 3605 154.
2360 3558 2421 3607 iii.

1504 3679 1765 3730 caricarum
1796 3684 2033 3732 mulierum
2066 3682 2234 3732 factum
2268 3692 2427 3735 contra

1438 3750 1624 3793 maritos
1646 3748 1673 3792 i.
1704 3751 1810 3793 146.
2121 3752 2143 3759 ''

1372 3805 1525 3866 Caria,
1550 3828 1651 3873 pars
1675 3810 1819 3859 Ioniae
1840 3814 1871 3859 i.
1899 3818 2003 3861 142.
2028 3830 2055 3863 a
2079 3814 2231 3862 Persis
2252 3816 2425 3879 capitur

1436 3876 1497 3921 vi.
1526 3880 1604 3923 25.
1759 3921 1769 3926 ,
2174 3880 2177 3889 '
2400 3876 2405 3879 ¹
2450 3890 2459 3901 ‘

1375 3937 1587 3988 Caricum
1610 3941 1931 3993 vestimentum,
1947 3956 1991 3987 v.
2020 3944 2098 3991 88.

1361 4002 1555 4060 Carine,
1580 4020 1681 4067 opp.
1710 4004 1881 4071 Mysiae
1904 4006 1985 4051 vii.
2000 4008 2078 4053 42.

1377 4068 1541 4118 Catius
1561 4069 1741 4131 Jupiter
1762 4069 1791 4115 i.
1822 4072 1927 4116 171.
1948 4084 1992 4116 v.
2020 4075 2099 4119 66.

1377 4132 1555 4183 Carnea
1576 4134 1739 4185 festum
1761 4134 1969 4182 vit-206.
1994 4137 2087 4185 viii.
2114 4138 2193 4188 72.

1378 4198 1633 4261 Carpathus
1654 4199 1800 4245 insula
1821 4200 1881 4246 iii.
1911 4204 1991 4247 45.
2016 4200 2020 4205 ’
2068 4210 2073 4215 “

1379 4263 1539 4327 Carpis
1564 4263 1610 4310 fl.
1634 4264 1769 4325 supe'r
1804 4264 1990 4315 Umbris
2011 4268 2059 4315 in
2080 4264 2252 4318 Istrum
2274 4282 2325 4339 sc
2346 4252 2427 4343 exr-
2458 4338 2465 4348 ,
2558 4308 2565 4315 .

1443 4338 1597 4377 onerat
1616 4329 1679 4377 iv.
1701 4332 1781 4378 49.

2202 4412 2235 4444 x
