<?xml version="1.0" encoding="UTF-8"?>
<!DOCTYPE html PUBLIC "-//W3C//DTD XHTML 1.0 Transitional//EN"
    "http://www.w3.org/TR/xhtml1/DTD/xhtml1-transitional.dtd">
<html xmlns="http://www.w3.org/1999/xhtml" xml:lang="en" lang="en">
 <head>
  <title>
</title>
<meta http-equiv="Content-Type" content="text/html;charset=utf-8" />
  <meta name='ocr-system' content='tesseract 3.04.00' />
  <meta name='ocr-capabilities' content='ocr_page ocr_carea ocr_par ocr_line ocrx_word'/>
</head>
<body>
  <div class='ocr_page' id='page_1' title='image "./herodotimussive00unkngoog_0595.png"; bbox 0 0 2850 4792; ppageno 0'>
   <div class='ocr_carea' id='block_1_1' title="bbox 977 130 2433 235">
    <p class='ocr_par' dir='ltr' id='par_1_1' title="bbox 977 130 2433 235">
     <span class='ocr_line' id='line_1_1' title="bbox 977 130 2433 235; baseline 0 -10"><span class='ocrx_word' id='word_1_1' title='bbox 977 174 1070 235; x_wconf 73' lang='lat' dir='ltr'><strong>ET</strong></span> <span class='ocrx_word' id='word_1_2' title='bbox 1103 130 1611 227; x_wconf 60' lang='grc' dir='ltr'><strong>Ριιιιειοιιᾼιιιιιι.</strong></span> <span class='ocrx_word' id='word_1_3' title='bbox 1826 219 1829 222; x_wconf 88' lang='grc'><strong><em>.</em></strong></span> <span class='ocrx_word' id='word_1_4' title='bbox 2368 177 2433 225; x_wconf 73' lang='lat'><strong>49</strong></span> 
     </span>
    </p>
   </div>
   <div class='ocr_carea' id='block_1_2' title="bbox 251 302 1322 3291">
    <p class='ocr_par' dir='ltr' id='par_1_2' title="bbox 325 302 1316 497">
     <span class='ocr_line' id='line_1_2' title="bbox 327 302 1316 367; baseline 0.001 -15"><span class='ocrx_word' id='word_1_5' title='bbox 327 306 504 367; x_wconf 68' lang='lat' dir='ltr'><strong>negant</strong></span> <span class='ocrx_word' id='word_1_6' title='bbox 523 302 830 355; x_wconf 79' lang='lat' dir='ltr'><strong>Athenienses</strong></span> <span class='ocrx_word' id='word_1_7' title='bbox 861 306 1048 355; x_wconf 59' lang='grc'><strong><em>*1.85.</em></strong></span> <span class='ocrx_word' id='word_1_8' title='bbox 1079 304 1316 357; x_wconf 75' lang='grc' dir='ltr'><strong><em>86.-Ε-</em></strong></span> 
     </span>
     <span class='ocr_line' id='line_1_3' title="bbox 325 369 1312 449; baseline 0.002 -33"><span class='ocrx_word' id='word_1_9' title='bbox 325 371 584 431; x_wconf 73' lang='lat' dir='ltr'><strong>ginetarum</strong></span> <span class='ocrx_word' id='word_1_10' title='bbox 609 371 758 449; x_wconf 40' lang='lat' dir='ltr'><strong>‘legati</strong></span> <span class='ocrx_word' id='word_1_11' title='bbox 795 379 952 419; x_wconf 71' lang='lat' dir='ltr'><strong>contra</strong></span> <span class='ocrx_word' id='word_1_12' title='bbox 985 369 1312 432; x_wconf 77' lang='lat' dir='ltr'><strong>Leotychidem</strong></span> 
     </span>
     <span class='ocr_line' id='line_1_4' title="bbox 329 436 872 497; baseline 0 -14"><span class='ocrx_word' id='word_1_13' title='bbox 329 436 537 497; x_wconf 78' lang='lat' dir='ltr'><strong>Spartam</strong></span> <span class='ocrx_word' id='word_1_14' title='bbox 560 436 684 483; x_wconf 84' lang='lat' dir='ltr'><strong>missi</strong></span> <span class='ocrx_word' id='word_1_15' title='bbox 703 436 766 482; x_wconf 76' lang='lat' dir='ltr'><strong>vi.</strong></span> <span class='ocrx_word' id='word_1_16' title='bbox 793 439 872 484; x_wconf 90' lang='grc'><strong>85.</strong></span> 
     </span>
    </p>

    <p class='ocr_par' dir='ltr' id='par_1_3' title="bbox 323 470 1318 1199">
     <span class='ocr_line' id='line_1_5' title="bbox 388 470 1318 563; baseline 0.001 -17"><span class='ocrx_word' id='word_1_17' title='bbox 388 499 668 547; x_wconf 79' lang='lat' dir='ltr'><strong>Imminente</strong></span> <span class='ocrx_word' id='word_1_18' title='bbox 681 502 798 549; x_wconf 87' lang='lat' dir='ltr'><strong>bello</strong></span> <span class='ocrx_word' id='word_1_19' title='bbox 818 500 1002 549; x_wconf 82' lang='lat' dir='ltr'><strong>Persico</strong></span> <span class='ocrx_word' id='word_1_20' title='bbox 1018 470 1254 563; x_wconf 76' lang='lat' dir='ltr'><strong>AEginetae</strong></span> <span class='ocrx_word' id='word_1_21' title='bbox 1270 507 1318 547; x_wconf 86' lang='lat' dir='ltr'><strong>et</strong></span> 
     </span>
     <span class='ocr_line' id='line_1_6' title="bbox 325 563 1316 613; baseline 0 -2"><span class='ocrx_word' id='word_1_22' title='bbox 325 563 632 612; x_wconf 67' lang='lat' dir='ltr'>Athenienses</span> <span class='ocrx_word' id='word_1_23' title='bbox 687 566 948 613; x_wconf 85' lang='lat' dir='ltr'><strong>inimicitias</strong></span> <span class='ocrx_word' id='word_1_24' title='bbox 1000 566 1185 613; x_wconf 85' lang='lat' dir='ltr'><strong>solvunt</strong></span> <span class='ocrx_word' id='word_1_25' title='bbox 1235 566 1316 613; x_wconf 82' lang='lat' dir='ltr'><strong>vii.</strong></span> 
     </span>
     <span class='ocr_line' id='line_1_7' title="bbox 331 630 1314 693; baseline 0.002 -18"><span class='ocrx_word' id='word_1_26' title='bbox 331 631 440 676; x_wconf 88' lang='grc'><strong><em>145.</em></strong></span> <span class='ocrx_word' id='word_1_27' title='bbox 477 630 716 693; x_wconf 76' lang='lat' dir='ltr'><strong>AEginetae</strong></span> <span class='ocrx_word' id='word_1_28' title='bbox 747 632 802 678; x_wconf 82' lang='lat' dir='ltr'><strong>ad</strong></span> <span class='ocrx_word' id='word_1_29' title='bbox 827 630 1098 678; x_wconf 70' lang='lat' dir='ltr'><strong>Salaminem</strong></span> <span class='ocrx_word' id='word_1_30' title='bbox 1118 630 1212 677; x_wconf 84' lang='lat' dir='ltr'><strong>viii.</strong></span> <span class='ocrx_word' id='word_1_31' title='bbox 1235 633 1314 677; x_wconf 78' lang='lat'><strong>46.</strong></span> 
     </span>
     <span class='ocr_line' id='line_1_8' title="bbox 323 695 1316 759; baseline 0.001 -18"><span class='ocrx_word' id='word_1_32' title='bbox 323 695 720 755; x_wconf 73' lang='lat' dir='ltr'><strong>praestantissimi</strong></span> <span class='ocrx_word' id='word_1_33' title='bbox 705 710 754 743; x_wconf 85' lang='grc' dir='ltr'><strong>ιιι</strong></span> <span class='ocrx_word' id='word_1_34' title='bbox 785 710 942 759; x_wconf 78' lang='lat' dir='ltr'><strong>pugna</strong></span> <span class='ocrx_word' id='word_1_35' title='bbox 973 695 1122 743; x_wconf 80' lang='lat' dir='ltr'><strong>navali</strong></span> <span class='ocrx_word' id='word_1_36' title='bbox 1157 701 1316 742; x_wconf 83' lang='lat' dir='ltr'><strong>contra</strong></span> 
     </span>
     <span class='ocr_line' id='line_1_9' title="bbox 328 756 1316 822; baseline 0.002 -17"><span class='ocrx_word' id='word_1_37' title='bbox 328 756 518 806; x_wconf 76' lang='lat' dir='ltr'><strong>Persam</strong></span> <span class='ocrx_word' id='word_1_38' title='bbox 547 761 644 808; x_wconf 79' lang='lat' dir='ltr'><strong>viii.</strong></span> <span class='ocrx_word' id='word_1_39' title='bbox 681 766 764 810; x_wconf 92' lang='grc'><strong>93.</strong></span> <span class='ocrx_word' id='word_1_40' title='bbox 783 769 882 809; x_wconf 75' lang='lat' dir='ltr'><strong>not.</strong></span> <span class='ocrx_word' id='word_1_41' title='bbox 921 768 1089 822; x_wconf 73' lang='lat' dir='ltr'><strong>etcap.</strong></span> <span class='ocrx_word' id='word_1_42' title='bbox 1132 764 1240 807; x_wconf 81' lang='grc'><strong><em>122.</em></strong></span> <span class='ocrx_word' id='word_1_43' title='bbox 1262 774 1316 807; x_wconf 80' lang='lat' dir='ltr'><strong>n.</strong></span> 
     </span>
     <span class='ocr_line' id='line_1_10' title="bbox 325 823 1316 887; baseline 0 -17"><span class='ocrx_word' id='word_1_44' title='bbox 325 823 508 873; x_wconf 75' lang='lat' dir='ltr'><strong>Aureus</strong></span> <span class='ocrx_word' id='word_1_45' title='bbox 549 825 704 873; x_wconf 78' lang='lat' dir='ltr'><strong>stellas</strong></span> <span class='ocrx_word' id='word_1_46' title='bbox 745 834 838 875; x_wconf 82' lang='lat' dir='ltr'><strong>tres</strong></span> <span class='ocrx_word' id='word_1_47' title='bbox 875 824 1072 887; x_wconf 80' lang='lat' dir='ltr'><strong>Delphis</strong></span> <span class='ocrx_word' id='word_1_48' title='bbox 1107 823 1316 871; x_wconf 81' lang='lat' dir='ltr'><strong>dedicant</strong></span> 
     </span>
     <span class='ocr_line' id='line_1_11' title="bbox 325 888 1318 969; baseline -0.001 -34"><span class='ocrx_word' id='word_1_49' title='bbox 325 888 422 935; x_wconf 79' lang='lat' dir='ltr'><strong>viii.</strong></span> <span class='ocrx_word' id='word_1_50' title='bbox 475 895 578 936; x_wconf 82' lang='grc'><strong><em>122.</em></strong></span> <span class='ocrx_word' id='word_1_51' title='bbox 581 890 880 969; x_wconf 69' lang='lat' dir='ltr'><strong>-AEginetae</strong></span> <span class='ocrx_word' id='word_1_52' title='bbox 919 889 978 937; x_wconf 82' lang='lat' dir='ltr'><strong>ad</strong></span> <span class='ocrx_word' id='word_1_53' title='bbox 1032 890 1229 937; x_wconf 61' lang='lat' dir='ltr'><strong>Plataeas</strong></span> <span class='ocrx_word' id='word_1_54' title='bbox 1268 888 1318 935; x_wconf 89' lang='lat' dir='ltr'><strong>in</strong></span> 
     </span>
     <span class='ocr_line' id='line_1_12' title="bbox 327 953 1316 1003; baseline -0.002 -2"><span class='ocrx_word' id='word_1_55' title='bbox 327 953 424 1001; x_wconf 85' lang='lat' dir='ltr'><strong>acie</strong></span> <span class='ocrx_word' id='word_1_56' title='bbox 447 954 716 1002; x_wconf 71' lang='lat' dir='ltr'><strong>Graecorum</strong></span> <span class='ocrx_word' id='word_1_57' title='bbox 753 957 816 1002; x_wconf 89' lang='lat' dir='ltr'><strong>ix.</strong></span> <span class='ocrx_word' id='word_1_58' title='bbox 851 959 932 1003; x_wconf 84' lang='grc'><strong>28.</strong></span> <span class='ocrx_word' id='word_1_59' title='bbox 989 954 1128 1002; x_wconf 83' lang='lat' dir='ltr'><strong>Unde</strong></span> <span class='ocrx_word' id='word_1_60' title='bbox 1159 953 1214 1001; x_wconf 89' lang='lat' dir='ltr'><strong>iis</strong></span> <span class='ocrx_word' id='word_1_61' title='bbox 1247 953 1316 999; x_wconf 87' lang='lat' dir='ltr'><strong>di-</strong></span> 
     </span>
     <span class='ocr_line' id='line_1_13' title="bbox 323 1016 1316 1083; baseline -0.001 -18"><span class='ocrx_word' id='word_1_62' title='bbox 323 1018 536 1065; x_wconf 82' lang='lat' dir='ltr'><strong>vitiarum</strong></span> <span class='ocrx_word' id='word_1_63' title='bbox 571 1020 836 1083; x_wconf 83' lang='lat' dir='ltr'><strong>principium</strong></span> <span class='ocrx_word' id='word_1_64' title='bbox 867 1022 930 1067; x_wconf 85' lang='lat' dir='ltr'><strong>ix.</strong></span> <span class='ocrx_word' id='word_1_65' title='bbox 967 1022 1047 1070; x_wconf 94' lang='grc'><strong>79.</strong></span> <span class='ocrx_word' id='word_1_66' title='bbox 1077 1031 1236 1067; x_wconf 82' lang='lat' dir='ltr'><strong>eorum</strong></span> <span class='ocrx_word' id='word_1_67' title='bbox 1259 1016 1316 1065; x_wconf 87' lang='lat' dir='ltr'><strong>ad</strong></span> 
     </span>
     <span class='ocr_line' id='line_1_14' title="bbox 328 1082 1312 1147; baseline 0.003 -17"><span class='ocrx_word' id='word_1_68' title='bbox 328 1082 562 1131; x_wconf 70' lang='lat' dir='ltr'><strong>Plataeas·</strong></span> <span class='ocrx_word' id='word_1_69' title='bbox 549 1098 708 1133; x_wconf 81' lang='lat' dir='ltr'><strong>inanes</strong></span> <span class='ocrx_word' id='word_1_70' title='bbox 734 1085 896 1133; x_wconf 85' lang='lat' dir='ltr'><strong>tumuli</strong></span> <span class='ocrx_word' id='word_1_71' title='bbox 928 1085 1072 1133; x_wconf 88' lang='lat' dir='ltr'><strong>multo</strong></span> <span class='ocrx_word' id='word_1_72' title='bbox 1101 1092 1210 1147; x_wconf 82' lang='lat' dir='ltr'><strong>post</strong></span> <span class='ocrx_word' id='word_1_73' title='bbox 1229 1092 1312 1133; x_wconf 57' lang='lat' dir='ltr'><strong>ex.-⁴</strong></span> 
     </span>
     <span class='ocr_line' id='line_1_15' title="bbox 327 1148 659 1199; baseline 0.013 -4"><span class='ocrx_word' id='word_1_74' title='bbox 327 1148 469 1196; x_wconf 79' lang='lat' dir='ltr'><strong>citati.</strong></span> <span class='ocrx_word' id='word_1_75' title='bbox 491 1150 555 1195; x_wconf 83' lang='lat' dir='ltr'><strong>ix.</strong></span> <span class='ocrx_word' id='word_1_76' title='bbox 579 1154 659 1199; x_wconf 88' lang='grc'><strong>85.</strong></span> 
     </span>
    </p>

    <p class='ocr_par' dir='ltr' id='par_1_4' title="bbox 262 1212 1317 1275">
     <span class='ocr_line' id='line_1_16' title="bbox 262 1212 1317 1275; baseline 0.001 -15"><span class='ocrx_word' id='word_1_77' title='bbox 262 1212 602 1275; x_wconf 82' lang='lat' dir='ltr'><strong>AEginetieum</strong></span> <span class='ocrx_word' id='word_1_78' title='bbox 619 1216 784 1263; x_wconf 82' lang='lat' dir='ltr'><strong>bellum</strong></span> <span class='ocrx_word' id='word_1_79' title='bbox 823 1230 928 1263; x_wconf 89' lang='lat' dir='ltr'><strong>cum</strong></span> <span class='ocrx_word' id='word_1_80' title='bbox 965 1213 1317 1262; x_wconf 72' lang='lat' dir='ltr'><strong>Atheniensibus</strong></span> 
     </span>
    </p>

    <p class='ocr_par' dir='ltr' id='par_1_5' title="bbox 269 1279 1132 1328">
     <span class='ocr_line' id='line_1_17' title="bbox 269 1279 1132 1328; baseline 0.005 -4"><span class='ocrx_word' id='word_1_81' title='bbox 269 1308 276 1315; x_wconf 89' lang='lat'>-</span> <span class='ocrx_word' id='word_1_82' title='bbox 329 1279 414 1325; x_wconf 82' lang='lat' dir='ltr'><strong>toti</strong></span> <span class='ocrx_word' id='word_1_83' title='bbox 438 1280 636 1327; x_wconf 77' lang='lat' dir='ltr'><strong>Graeciae</strong></span> <span class='ocrx_word' id='word_1_84' title='bbox 659 1280 788 1327; x_wconf 75' lang='lat' dir='ltr'><strong>saluii</strong></span> <span class='ocrx_word' id='word_1_85' title='bbox 807 1279 894 1327; x_wconf 82' lang='lat' dir='ltr'><strong>suit</strong></span> <span class='ocrx_word' id='word_1_86' title='bbox 913 1280 994 1327; x_wconf 79' lang='lat' dir='ltr'><strong>vii.</strong></span> <span class='ocrx_word' id='word_1_87' title='bbox 1023 1283 1132 1328; x_wconf 80' lang='grc'><strong><em>144.</em></strong></span> 
     </span>
    </p>

    <p class='ocr_par' dir='ltr' id='par_1_6' title="bbox 267 1342 1059 1403">
     <span class='ocr_line' id='line_1_18' title="bbox 267 1342 1059 1403; baseline 0.003 -14"><span class='ocrx_word' id='word_1_88' title='bbox 267 1342 446 1403; x_wconf 85' lang='lat' dir='ltr'><strong>AEgion</strong></span> <span class='ocrx_word' id='word_1_89' title='bbox 470 1344 574 1391; x_wconf 79' lang='lat' dir='ltr'><strong>urbs</strong></span> <span class='ocrx_word' id='word_1_90' title='bbox 591 1344 868 1392; x_wconf 69' lang='lat' dir='ltr'><strong>Achaeorum</strong></span> <span class='ocrx_word' id='word_1_91' title='bbox 891 1345 922 1391; x_wconf 88' lang='lat' dir='ltr'><strong>i.</strong></span> <span class='ocrx_word' id='word_1_92' title='bbox 954 1347 1059 1391; x_wconf 87' lang='grc'><strong><em>145.</em></strong></span> 
     </span>
    </p>

    <p class='ocr_par' dir='ltr' id='par_1_7' title="bbox 267 1406 1316 1520">
     <span class='ocr_line' id='line_1_19' title="bbox 267 1406 1316 1520; baseline 0 -66"><span class='ocrx_word' id='word_1_93' title='bbox 267 1406 450 1520; x_wconf 51' lang='grc' dir='ltr'><strong>Ειςὲιὲ,</strong></span> <span class='ocrx_word' id='word_1_94' title='bbox 498 1412 522 1463; x_wconf 78' lang='grc' dir='ltr'><em>ἡ</em></span> <span class='ocrx_word' id='word_1_95' title='bbox 565 1411 757 1471; x_wconf 56' lang='lat' dir='ltr'><strong>iti-yma,</strong></span> <span class='ocrx_word' id='word_1_96' title='bbox 800 1410 904 1455; x_wconf 86' lang='lat' dir='ltr'><strong>urbs</strong></span> <span class='ocrx_word' id='word_1_97' title='bbox 950 1408 1225 1455; x_wconf 80' lang='lat' dir='ltr'><strong>Achaeorum</strong></span> <span class='ocrx_word' id='word_1_98' title='bbox 1283 1408 1316 1454; x_wconf 91' lang='lat' dir='ltr'><strong>i.</strong></span> 
     </span>
    </p>

    <p class='ocr_par' dir='ltr' id='par_1_8' title="bbox 265 1536 1316 1603">
     <span class='ocr_line' id='line_1_20' title="bbox 265 1536 1316 1603; baseline 0 -19"><span class='ocrx_word' id='word_1_99' title='bbox 265 1536 554 1599; x_wconf 77' lang='lat' dir='ltr'><strong>AEgiro&#39;e‘ssa,</strong></span> <span class='ocrx_word' id='word_1_100' title='bbox 575 1536 850 1603; x_wconf 59' lang='grc' dir='ltr'><strong>Αἰγιρόεσσα,</strong></span> <span class='ocrx_word' id='word_1_101' title='bbox 892 1538 1082 1585; x_wconf 85' lang='lat' dir='ltr'><strong>AEolum</strong></span> <span class='ocrx_word' id='word_1_102' title='bbox 1105 1537 1316 1586; x_wconf 74' lang='lat' dir='ltr'><strong>civitasi.</strong></span> 
     </span>
    </p>

    <p class='ocr_par' dir='ltr' id='par_1_9' title="bbox 264 1665 1316 1795">
     <span class='ocr_line' id='line_1_21' title="bbox 264 1665 1316 1731; baseline 0 -16"><span class='ocrx_word' id='word_1_103' title='bbox 264 1666 408 1729; x_wconf 80' lang='lat' dir='ltr'><strong>AEgis</strong></span> <span class='ocrx_word' id='word_1_104' title='bbox 438 1667 672 1715; x_wconf 79' lang='lat' dir='ltr'><strong>Minervae</strong></span> <span class='ocrx_word' id='word_1_105' title='bbox 707 1680 766 1715; x_wconf 80' lang='lat' dir='ltr'><strong>ex</strong></span> <span class='ocrx_word' id='word_1_106' title='bbox 808 1665 956 1731; x_wconf 82' lang='lat' dir='ltr'><strong>Libya</strong></span> <span class='ocrx_word' id='word_1_107' title='bbox 999 1667 1178 1716; x_wconf 83' lang='lat' dir='ltr'><strong>Graecis</strong></span> <span class='ocrx_word' id='word_1_108' title='bbox 1209 1668 1316 1717; x_wconf 82' lang='lat' dir='ltr'><strong>ado-</strong></span> 
     </span>
     <span class='ocr_line' id='line_1_22' title="bbox 327 1732 672 1795; baseline -0.003 -16"><span class='ocrx_word' id='word_1_109' title='bbox 327 1739 456 1795; x_wconf 73' lang='lat' dir='ltr'><strong>ptata</strong></span> <span class='ocrx_word' id='word_1_110' title='bbox 475 1732 539 1779; x_wconf 82' lang='lat' dir='ltr'><strong>iv.</strong></span> <span class='ocrx_word' id='word_1_111' title='bbox 563 1736 672 1780; x_wconf 93' lang='grc'><strong><em>180.</em></strong></span> 
     </span>
    </p>

    <p class='ocr_par' dir='ltr' id='par_1_10' title="bbox 261 1798 778 1861">
     <span class='ocr_line' id='line_1_23' title="bbox 261 1798 778 1861; baseline 0 -16"><span class='ocrx_word' id='word_1_112' title='bbox 261 1798 394 1861; x_wconf 80' lang='lat' dir='ltr'><strong>AEgli</strong></span> <span class='ocrx_word' id='word_1_113' title='bbox 415 1812 520 1860; x_wconf 88' lang='lat' dir='ltr'><strong>pop.</strong></span> <span class='ocrx_word' id='word_1_114' title='bbox 541 1798 604 1844; x_wconf 88' lang='lat' dir='ltr'><strong>iii.</strong></span> <span class='ocrx_word' id='word_1_115' title='bbox 629 1801 707 1846; x_wconf 89' lang='grc'><strong>92.</strong></span> <span class='ocrx_word' id='word_1_116' title='bbox 725 1814 778 1845; x_wconf 76' lang='lat' dir='ltr'><strong>n.</strong></span> 
     </span>
    </p>

    <p class='ocr_par' dir='ltr' id='par_1_11' title="bbox 266 1862 1314 1925">
     <span class='ocr_line' id='line_1_24' title="bbox 266 1862 1314 1925; baseline 0.002 -14"><span class='ocrx_word' id='word_1_117' title='bbox 266 1863 422 1925; x_wconf 70' lang='lat' dir='ltr'><strong>AEgoz</strong></span> <span class='ocrx_word' id='word_1_118' title='bbox 444 1862 638 1917; x_wconf 72' lang='lat' dir='ltr'><strong>Potnmi,</strong></span> <span class='ocrx_word' id='word_1_119' title='bbox 663 1862 788 1921; x_wconf 70' lang='grc' dir='ltr'><strong>Αἰγὸς</strong></span> <span class='ocrx_word' id='word_1_120' title='bbox 807 1862 1022 1919; x_wconf 56' lang='lat' dir='ltr'><strong>noi-apid,</strong></span> <span class='ocrx_word' id='word_1_121' title='bbox 1043 1864 1108 1910; x_wconf 71' lang='lat' dir='ltr'><strong>ix.</strong></span> <span class='ocrx_word' id='word_1_122' title='bbox 1135 1866 1241 1912; x_wconf 85' lang='grc'><strong><em>119.</em></strong></span> <span class='ocrx_word' id='word_1_123' title='bbox 1262 1880 1314 1912; x_wconf 74' lang='grc' dir='ltr'><strong>πο</strong></span> 
     </span>
    </p>

    <p class='ocr_par' dir='ltr' id='par_1_12' title="bbox 266 1925 1320 2251">
     <span class='ocr_line' id='line_1_25' title="bbox 266 1925 1316 1991; baseline 0 -15"><span class='ocrx_word' id='word_1_124' title='bbox 266 1928 458 1991; x_wconf 78' lang='lat' dir='ltr'><strong>AEgroti</strong></span> <span class='ocrx_word' id='word_1_125' title='bbox 500 1928 617 1991; x_wconf 77' lang='lat' dir='ltr'><strong>apud</strong></span> <span class='ocrx_word' id='word_1_126' title='bbox 647 1927 866 1988; x_wconf 81' lang='lat' dir='ltr'><strong>quosdam</strong></span> <span class='ocrx_word' id='word_1_127' title='bbox 909 1925 1050 1975; x_wconf 88' lang='lat' dir='ltr'><strong>Indos</strong></span> <span class='ocrx_word' id='word_1_128' title='bbox 1102 1928 1316 1976; x_wconf 84' lang='lat' dir='ltr'><strong>interfici·</strong></span> 
     </span>
     <span class='ocr_line' id='line_1_26' title="bbox 333 1993 1320 2057; baseline 0.003 -18"><span class='ocrx_word' id='word_1_129' title='bbox 333 2001 474 2040; x_wconf 83' lang='lat' dir='ltr'><strong>untur</strong></span> <span class='ocrx_word' id='word_1_130' title='bbox 514 2002 562 2039; x_wconf 89' lang='lat' dir='ltr'><strong>et</strong></span> <span class='ocrx_word' id='word_1_131' title='bbox 613 1993 914 2039; x_wconf 85' lang='lat' dir='ltr'><strong>comeduntur</strong></span> <span class='ocrx_word' id='word_1_132' title='bbox 955 1993 1017 2039; x_wconf 87' lang='lat' dir='ltr'><strong>iii.</strong></span> <span class='ocrx_word' id='word_1_133' title='bbox 1062 1998 1142 2041; x_wconf 88' lang='lat'><strong>99.</strong></span> <span class='ocrx_word' id='word_1_134' title='bbox 1201 1995 1320 2057; x_wconf 86' lang='lat' dir='ltr'><strong>apud</strong></span> 
     </span>
     <span class='ocr_line' id='line_1_27' title="bbox 335 2056 1318 2107; baseline 0.002 -2"><span class='ocrx_word' id='word_1_135' title='bbox 335 2056 477 2105; x_wconf 81' lang='lat' dir='ltr'><strong>Indos</strong></span> <span class='ocrx_word' id='word_1_136' title='bbox 500 2056 692 2105; x_wconf 72' lang='lat' dir='ltr'><strong>Padaeus</strong></span> <span class='ocrx_word' id='word_1_137' title='bbox 721 2072 832 2105; x_wconf 81' lang='lat' dir='ltr'><strong>vero</strong></span> <span class='ocrx_word' id='word_1_138' title='bbox 863 2057 1028 2105; x_wconf 83' lang='lat' dir='ltr'><strong>deserti</strong></span> <span class='ocrx_word' id='word_1_139' title='bbox 1061 2058 1110 2105; x_wconf 90' lang='lat' dir='ltr'><strong>in</strong></span> <span class='ocrx_word' id='word_1_140' title='bbox 1141 2059 1318 2107; x_wconf 79' lang='lat' dir='ltr'><strong>deserto</strong></span> 
     </span>
     <span class='ocr_line' id='line_1_28' title="bbox 332 2120 1316 2207; baseline 0.002 -36"><span class='ocrx_word' id='word_1_141' title='bbox 332 2124 498 2171; x_wconf 77' lang='lat' dir='ltr'><strong>cubant</strong></span> <span class='ocrx_word' id='word_1_142' title='bbox 529 2122 590 2169; x_wconf 86' lang='lat' dir='ltr'><strong>iii.</strong></span> <span class='ocrx_word' id='word_1_143' title='bbox 631 2126 740 2169; x_wconf 87' lang='lat'><strong>100.</strong></span> <span class='ocrx_word' id='word_1_144' title='bbox 824 2120 960 2171; x_wconf 83' lang='lat' dir='ltr'><strong>Circa</strong></span> <span class='ocrx_word' id='word_1_145' title='bbox 989 2130 1188 2207; x_wconf 77' lang='lat' dir='ltr'><strong>aegrotos</strong></span> <span class='ocrx_word' id='word_1_146' title='bbox 1218 2124 1316 2173; x_wconf 85' lang='lat' dir='ltr'><strong>Ba·</strong></span> 
     </span>
     <span class='ocr_line' id='line_1_29' title="bbox 328 2186 896 2251; baseline 0 -16"><span class='ocrx_word' id='word_1_147' title='bbox 328 2188 615 2251; x_wconf 80' lang='lat' dir='ltr'><strong>byloniorum</strong></span> <span class='ocrx_word' id='word_1_148' title='bbox 635 2187 744 2234; x_wconf 84' lang='lat' dir='ltr'><strong>lex</strong></span> <span class='ocrx_word' id='word_1_149' title='bbox 731 2202 764 2234; x_wconf 83' lang='lat'><strong>1.</strong></span> <span class='ocrx_word' id='word_1_150' title='bbox 789 2186 896 2235; x_wconf 87' lang='grc'><strong><em>197.</em></strong></span> 
     </span>
    </p>

    <p class='ocr_par' dir='ltr' id='par_1_13' title="bbox 262 2252 1322 2510">
     <span class='ocr_line' id='line_1_30' title="bbox 262 2252 1322 2315; baseline -0.001 -12"><span class='ocrx_word' id='word_1_151' title='bbox 262 2252 505 2303; x_wconf 68' lang='grc' dir='ltr'><strong>Εεῖπιι</strong></span> <span class='ocrx_word' id='word_1_152' title='bbox 549 2253 750 2299; x_wconf 86' lang='grc' dir='ltr'><strong>οιιιιιίιιιιι</strong></span> <span class='ocrx_word' id='word_1_153' title='bbox 782 2252 1015 2299; x_wconf 86' lang='lat' dir='ltr'><strong>bominum</strong></span> <span class='ocrx_word' id='word_1_154' title='bbox 1057 2254 1228 2315; x_wconf 84' lang='lat' dir='ltr'><strong>primos</strong></span> <span class='ocrx_word' id='word_1_155' title='bbox 1271 2268 1322 2303; x_wconf 84' lang='lat' dir='ltr'><strong>se</strong></span> 
     </span>
     <span class='ocr_line' id='line_1_31' title="bbox 331 2315 1319 2379; baseline 0.001 -13"><span class='ocrx_word' id='word_1_156' title='bbox 331 2317 530 2366; x_wconf 83' lang='lat' dir='ltr'><strong>arbitrati</strong></span> <span class='ocrx_word' id='word_1_157' title='bbox 573 2318 620 2365; x_wconf 88' lang='grc'><strong>11.</strong></span> <span class='ocrx_word' id='word_1_158' title='bbox 669 2321 716 2365; x_wconf 85' lang='grc'><strong>2.</strong></span> <span class='ocrx_word' id='word_1_159' title='bbox 773 2315 986 2379; x_wconf 77' lang='lat' dir='ltr'><strong>Phrygas</strong></span> <span class='ocrx_word' id='word_1_160' title='bbox 1022 2326 1172 2365; x_wconf 84' lang='lat' dir='ltr'><strong>tamen</strong></span> <span class='ocrx_word' id='word_1_161' title='bbox 1217 2334 1319 2367; x_wconf 87' lang='lat' dir='ltr'><strong>esse</strong></span> 
     </span>
     <span class='ocr_line' id='line_1_32' title="bbox 331 2382 1318 2461; baseline 0.002 -32"><span class='ocrx_word' id='word_1_162' title='bbox 331 2383 506 2445; x_wconf 78' lang='lat' dir='ltr'>priores</span> <span class='ocrx_word' id='word_1_163' title='bbox 563 2382 816 2429; x_wconf 82' lang='lat' dir='ltr'><strong>concedunt</strong></span> <span class='ocrx_word' id='word_1_164' title='bbox 859 2383 972 2429; x_wconf 76' lang='lat' dir='ltr'><strong>ibid.</strong></span> <span class='ocrx_word' id='word_1_165' title='bbox 1013 2382 1162 2433; x_wconf 89' lang='lat' dir='ltr'><strong>-Cum</strong></span> <span class='ocrx_word' id='word_1_166' title='bbox 1179 2382 1318 2461; x_wconf 45' lang='lat' dir='ltr'><strong>’Cyri</strong></span> 
     </span>
     <span class='ocr_line' id='line_1_33' title="bbox 329 2446 1318 2510; baseline -0.002 -14"><span class='ocrx_word' id='word_1_167' title='bbox 329 2448 504 2496; x_wconf 80' lang='lat' dir='ltr'><strong>familia</strong></span> <span class='ocrx_word' id='word_1_168' title='bbox 523 2448 841 2510; x_wconf 68' lang='lat' dir='ltr'><strong>cognationem</strong></span> <span class='ocrx_word' id='word_1_169' title='bbox 864 2448 943 2494; x_wconf 86' lang='lat' dir='ltr'><strong>sibi</strong></span> <span class='ocrx_word' id='word_1_170' title='bbox 963 2446 1146 2509; x_wconf 81' lang='lat' dir='ltr'><strong>fingunt</strong></span> <span class='ocrx_word' id='word_1_171' title='bbox 1178 2448 1240 2495; x_wconf 91' lang='lat' dir='ltr'><strong>iii.</strong></span> <span class='ocrx_word' id='word_1_172' title='bbox 1265 2452 1318 2498; x_wconf 81' lang='grc'><strong>2.</strong></span> 
     </span>
    </p>

    <p class='ocr_par' dir='ltr' id='par_1_14' title="bbox 321 2512 1320 2839">
     <span class='ocr_line' id='line_1_34' title="bbox 393 2512 1320 2577; baseline 0 -16"><span class='ocrx_word' id='word_1_173' title='bbox 393 2512 572 2561; x_wconf 86' lang='lat' dir='ltr'><strong>Eorum</strong></span> <span class='ocrx_word' id='word_1_174' title='bbox 586 2512 790 2559; x_wconf 81' lang='lat' dir='ltr'><strong>instituta</strong></span> <span class='ocrx_word' id='word_1_175' title='bbox 805 2521 851 2559; x_wconf 86' lang='lat' dir='ltr'><strong>et</strong></span> <span class='ocrx_word' id='word_1_176' title='bbox 856 2526 976 2575; x_wconf 65' lang='lat' dir='ltr'><strong>jura,</strong></span> <span class='ocrx_word' id='word_1_177' title='bbox 991 2514 1046 2559; x_wconf 84' lang='lat' dir='ltr'><strong>ab</strong></span> <span class='ocrx_word' id='word_1_178' title='bbox 1061 2513 1160 2560; x_wconf 81' lang='lat' dir='ltr'><strong>aliis</strong></span> <span class='ocrx_word' id='word_1_179' title='bbox 1175 2529 1320 2577; x_wconf 82' lang='lat' dir='ltr'><strong>popu·</strong></span> 
     </span>
     <span class='ocr_line' id='line_1_35' title="bbox 327 2577 1318 2640; baseline 0.002 -15"><span class='ocrx_word' id='word_1_180' title='bbox 327 2579 388 2625; x_wconf 83' lang='lat' dir='ltr'><strong>lis</strong></span> <span class='ocrx_word' id='word_1_181' title='bbox 407 2594 592 2640; x_wconf 83' lang='lat' dir='ltr'><strong>prorsus</strong></span> <span class='ocrx_word' id='word_1_182' title='bbox 613 2577 821 2623; x_wconf 83' lang='lat' dir='ltr'><strong>diversa</strong></span> <span class='ocrx_word' id='word_1_183' title='bbox 809 2578 857 2623; x_wconf 93' lang='grc' dir='ltr'><strong>ι1.</strong></span> <span class='ocrx_word' id='word_1_184' title='bbox 879 2579 942 2624; x_wconf 85' lang='grc'><strong>35</strong></span> <span class='ocrx_word' id='word_1_185' title='bbox 964 2584 1010 2624; x_wconf 74' lang='lat' dir='ltr'><strong>et</strong></span> <span class='ocrx_word' id='word_1_186' title='bbox 1046 2592 1168 2640; x_wconf 78' lang='lat' dir='ltr'><strong>seqq.</strong></span> <span class='ocrx_word' id='word_1_187' title='bbox 1212 2579 1318 2627; x_wconf 83' lang='lat' dir='ltr'><strong>Suis</strong></span> 
     </span>
     <span class='ocr_line' id='line_1_36' title="bbox 331 2642 1316 2693; baseline 0.001 -2"><span class='ocrx_word' id='word_1_188' title='bbox 331 2644 532 2691; x_wconf 87' lang='lat' dir='ltr'><strong>moribus</strong></span> <span class='ocrx_word' id='word_1_189' title='bbox 575 2649 622 2690; x_wconf 91' lang='lat' dir='ltr'><strong>et</strong></span> <span class='ocrx_word' id='word_1_190' title='bbox 658 2642 876 2689; x_wconf 83' lang='lat' dir='ltr'><strong>institutis</strong></span> <span class='ocrx_word' id='word_1_191' title='bbox 905 2642 1134 2690; x_wconf 83' lang='lat' dir='ltr'><strong>contenti</strong></span> <span class='ocrx_word' id='word_1_192' title='bbox 1150 2644 1196 2690; x_wconf 92' lang='lat' dir='ltr'><strong>ii.</strong></span> <span class='ocrx_word' id='word_1_193' title='bbox 1233 2648 1316 2693; x_wconf 88' lang='grc'><strong>78.</strong></span> 
     </span>
     <span class='ocr_line' id='line_1_37' title="bbox 329 2706 1317 2771; baseline 0.001 -16"><span class='ocrx_word' id='word_1_194' title='bbox 329 2724 416 2755; x_wconf 87' lang='lat' dir='ltr'><strong>nec</strong></span> <span class='ocrx_word' id='word_1_195' title='bbox 454 2708 556 2755; x_wconf 84' lang='lat' dir='ltr'><strong>ullis</strong></span> <span class='ocrx_word' id='word_1_196' title='bbox 587 2708 684 2754; x_wconf 88' lang='lat' dir='ltr'><strong>aliis</strong></span> <span class='ocrx_word' id='word_1_197' title='bbox 706 2708 772 2753; x_wconf 88' lang='lat' dir='ltr'><strong>uti</strong></span> <span class='ocrx_word' id='word_1_198' title='bbox 809 2706 1009 2754; x_wconf 85' lang='lat' dir='ltr'><strong>volunt</strong></span> <span class='ocrx_word' id='word_1_199' title='bbox 996 2708 1056 2754; x_wconf 79' lang='lat' dir='ltr'><strong>ii.-</strong></span> <span class='ocrx_word' id='word_1_200' title='bbox 1067 2712 1152 2755; x_wconf 85' lang='lat'><strong>91.</strong></span> <span class='ocrx_word' id='word_1_201' title='bbox 1189 2708 1284 2771; x_wconf 64' lang='lat' dir='ltr'><strong>‘ffi</strong></span> <span class='ocrx_word' id='word_1_202' title='bbox 1271 2709 1317 2757; x_wconf 88' lang='grc' dir='ltr'><strong>ιί.</strong></span> 
     </span>
     <span class='ocr_line' id='line_1_38' title="bbox 321 2768 1316 2839; baseline 0.001 -18"><span class='ocrx_word' id='word_1_203' title='bbox 321 2768 416 2821; x_wconf 57' lang='grc'><strong>43.</strong></span> <span class='ocrx_word' id='word_1_204' title='bbox 434 2778 482 2821; x_wconf 80' lang='lat' dir='ltr'><strong>et</strong></span> <span class='ocrx_word' id='word_1_205' title='bbox 513 2776 599 2821; x_wconf 84' lang='lat'><strong>49.</strong></span> <span class='ocrx_word' id='word_1_206' title='bbox 663 2770 721 2819; x_wconf 89' lang='lat' dir='ltr'><strong>In</strong></span> <span class='ocrx_word' id='word_1_207' title='bbox 756 2779 926 2835; x_wconf 81' lang='lat' dir='ltr'><strong>septem</strong></span> <span class='ocrx_word' id='word_1_208' title='bbox 965 2772 1198 2821; x_wconf 87' lang='lat' dir='ltr'><strong>hominum</strong></span> <span class='ocrx_word' id='word_1_209' title='bbox 1232 2788 1316 2839; x_wconf 81' lang='lat' dir='ltr'><strong>ge-</strong></span> 
     </span>
    </p>

    <p class='ocr_par' dir='ltr' id='par_1_15' title="bbox 279 2837 879 2886">
     <span class='ocr_line' id='line_1_39' title="bbox 279 2837 879 2886; baseline -0.002 0"><span class='ocrx_word' id='word_1_210' title='bbox 279 2866 286 2871; x_wconf 94' lang='lat'>·</span> <span class='ocrx_word' id='word_1_211' title='bbox 327 2852 438 2886; x_wconf 82' lang='lat' dir='ltr'><strong>nera</strong></span> <span class='ocrx_word' id='word_1_212' title='bbox 456 2837 710 2885; x_wconf 84' lang='lat' dir='ltr'><strong>distributi&#39;</strong></span> <span class='ocrx_word' id='word_1_213' title='bbox 697 2837 745 2884; x_wconf 89' lang='grc'><strong>11.</strong></span> <span class='ocrx_word' id='word_1_214' title='bbox 772 2840 879 2885; x_wconf 90' lang='grc'><strong><em>164.</em></strong></span> 
     </span>
    </p>

    <p class='ocr_par' dir='ltr' id='par_1_16' title="bbox 327 2902 1318 3032">
     <span class='ocr_line' id='line_1_40' title="bbox 405 2902 1316 2967; baseline 0.003 -17"><span class='ocrx_word' id='word_1_215' title='bbox 405 2902 618 2965; x_wconf 80' lang='lat' dir='ltr'><strong>AEgyptii</strong></span> <span class='ocrx_word' id='word_1_216' title='bbox 639 2902 835 2950; x_wconf 81' lang='lat' dir='ltr'>maxime</span> <span class='ocrx_word' id='word_1_217' title='bbox 865 2902 1026 2951; x_wconf 83' lang='lat' dir='ltr'><strong>salubri</strong></span> <span class='ocrx_word' id='word_1_218' title='bbox 1048 2918 1235 2967; x_wconf 80' lang='lat' dir='ltr'><strong>corpore</strong></span> <span class='ocrx_word' id='word_1_219' title='bbox 1257 2904 1316 2953; x_wconf 88' lang='lat' dir='ltr'><strong>ob</strong></span> 
     </span>
     <span class='ocr_line' id='line_1_41' title="bbox 327 2967 1318 3032; baseline 0.004 -20"><span class='ocrx_word' id='word_1_220' title='bbox 327 2967 494 3022; x_wconf 72' lang='lat' dir='ltr'><strong>a&#39;erem,</strong></span> <span class='ocrx_word' id='word_1_221' title='bbox 529 2968 606 3029; x_wconf 86' lang='lat' dir='ltr'><strong>qui</strong></span> <span class='ocrx_word' id='word_1_222' title='bbox 641 2975 714 3015; x_wconf 87' lang='lat' dir='ltr'><strong>est</strong></span> <span class='ocrx_word' id='word_1_223' title='bbox 729 2968 1018 3016; x_wconf 73' lang='lat' dir='ltr'><strong>immutabilis</strong></span> <span class='ocrx_word' id='word_1_224' title='bbox 1035 2970 1082 3018; x_wconf 93' lang='lat' dir='ltr'><strong>ii.</strong></span> <span class='ocrx_word' id='word_1_225' title='bbox 1107 2972 1187 3020; x_wconf 90' lang='grc'><strong>77.</strong></span> <span class='ocrx_word' id='word_1_226' title='bbox 1209 2986 1318 3032; x_wconf 84' lang='lat' dir='ltr'><strong>pur-</strong></span> 
     </span>
    </p>

    <p class='ocr_par' dir='ltr' id='par_1_17' title="bbox 251 3032 1316 3161">
     <span class='ocr_line' id='line_1_42' title="bbox 251 3032 1316 3097; baseline 0.005 -19"><span class='ocrx_word' id='word_1_227' title='bbox 251 3060 262 3069; x_wconf 81' lang='lat'><strong>·</strong></span> <span class='ocrx_word' id='word_1_228' title='bbox 329 3039 444 3097; x_wconf 81' lang='lat' dir='ltr'><strong>gunt</strong></span> <span class='ocrx_word' id='word_1_229' title='bbox 463 3048 514 3079; x_wconf 88' lang='lat' dir='ltr'><strong>se</strong></span> <span class='ocrx_word' id='word_1_230' title='bbox 533 3032 726 3095; x_wconf 86' lang='lat' dir='ltr'><strong>singulis</strong></span> <span class='ocrx_word' id='word_1_231' title='bbox 741 3032 969 3080; x_wconf 79' lang='lat' dir='ltr'><strong>mensibus</strong></span> <span class='ocrx_word' id='word_1_232' title='bbox 990 3035 1104 3081; x_wconf 74' lang='lat' dir='ltr'><strong>ibid.</strong></span> <span class='ocrx_word' id='word_1_233' title='bbox 1140 3032 1316 3082; x_wconf 84' lang='lat' dir='ltr'><strong>Eorum</strong></span> 
     </span>
     <span class='ocr_line' id='line_1_43' title="bbox 329 3097 1199 3161; baseline 0.001 -14"><span class='ocrx_word' id='word_1_234' title='bbox 329 3098 478 3161; x_wconf 80' lang='lat' dir='ltr'><strong>capita</strong></span> <span class='ocrx_word' id='word_1_235' title='bbox 499 3112 632 3158; x_wconf 81' lang='lat' dir='ltr'><strong>quam</strong></span> <span class='ocrx_word' id='word_1_236' title='bbox 655 3097 796 3154; x_wconf 80' lang='lat' dir='ltr'><strong>firma,</strong></span> <span class='ocrx_word' id='word_1_237' title='bbox 819 3104 866 3145; x_wconf 89' lang='lat' dir='ltr'><strong>et</strong></span> <span class='ocrx_word' id='word_1_238' title='bbox 887 3098 1002 3144; x_wconf 76' lang='lat' dir='ltr'><strong>cur?</strong></span> <span class='ocrx_word' id='word_1_239' title='bbox 1034 3098 1096 3146; x_wconf 90' lang='lat' dir='ltr'><strong>iii.</strong></span> <span class='ocrx_word' id='word_1_240' title='bbox 1125 3103 1199 3148; x_wconf 81' lang='grc'><strong>12.</strong></span> 
     </span>
    </p>

    <p class='ocr_par' dir='ltr' id='par_1_18' title="bbox 329 3162 1315 3291">
     <span class='ocr_line' id='line_1_44' title="bbox 396 3162 1315 3227; baseline 0.002 -18"><span class='ocrx_word' id='word_1_241' title='bbox 396 3162 597 3209; x_wconf 88' lang='lat' dir='ltr'><strong>Minimo</strong></span> <span class='ocrx_word' id='word_1_242' title='bbox 616 3162 766 3210; x_wconf 84' lang='lat' dir='ltr'><strong>labore</strong></span> <span class='ocrx_word' id='word_1_243' title='bbox 785 3162 984 3209; x_wconf 82' lang='lat' dir='ltr'><strong>fructum</strong></span> <span class='ocrx_word' id='word_1_244' title='bbox 1015 3178 1042 3210; x_wconf 93' lang='lat' dir='ltr'><strong>e</strong></span> <span class='ocrx_word' id='word_1_245' title='bbox 1062 3173 1184 3213; x_wconf 84' lang='lat' dir='ltr'><strong>terra</strong></span> <span class='ocrx_word' id='word_1_246' title='bbox 1213 3180 1315 3227; x_wconf 83' lang='lat' dir='ltr'><strong>per-</strong></span> 
     </span>
     <span class='ocr_line' id='line_1_45' title="bbox 329 3226 1310 3291; baseline 0 -14"><span class='ocrx_word' id='word_1_247' title='bbox 329 3229 520 3291; x_wconf 80' lang='lat' dir='ltr'><strong>cipiunt,</strong></span> <span class='ocrx_word' id='word_1_248' title='bbox 541 3228 590 3273; x_wconf 89' lang='lat' dir='ltr'><strong>ii.</strong></span> <span class='ocrx_word' id='word_1_249' title='bbox 629 3232 701 3275; x_wconf 91' lang='grc'><strong>18.</strong></span> <span class='ocrx_word' id='word_1_250' title='bbox 741 3232 814 3275; x_wconf 87' lang='grc'><strong>14.</strong></span> <span class='ocrx_word' id='word_1_251' title='bbox 851 3226 996 3275; x_wconf 77' lang='lat' dir='ltr'><strong>Fabia</strong></span> <span class='ocrx_word' id='word_1_252' title='bbox 1015 3229 1276 3277; x_wconf 73' lang='lat' dir='ltr'><strong>abstinent</strong></span> <span class='ocrx_word' id='word_1_253' title='bbox 1263 3230 1310 3277; x_wconf 91' lang='grc' dir='ltr'><strong>ι1.</strong></span> 
     </span>
    </p>
   </div>
   <div class='ocr_carea' id='block_1_3' title="bbox 329 3290 1376 3349">
    <p class='ocr_par' dir='ltr' id='par_1_19' title="bbox 329 3290 1376 3349">
     <span class='ocr_line' id='line_1_46' title="bbox 329 3290 1376 3349; baseline -0.002 -6"><span class='ocrx_word' id='word_1_254' title='bbox 329 3298 412 3349; x_wconf 87' lang='grc'><strong>37.</strong></span> <span class='ocrx_word' id='word_1_255' title='bbox 435 3299 490 3339; x_wconf 84' lang='lat' dir='ltr'><strong>et</strong></span> <span class='ocrx_word' id='word_1_256' title='bbox 509 3290 676 3339; x_wconf 77' lang='lat' dir='ltr'><strong>vitibus</strong></span> <span class='ocrx_word' id='word_1_257' title='bbox 697 3299 850 3341; x_wconf 81' lang='lat' dir='ltr'><strong>carent</strong></span> <span class='ocrx_word' id='word_1_258' title='bbox 869 3293 918 3339; x_wconf 89' lang='lat' dir='ltr'><strong>ii.</strong></span> <span class='ocrx_word' id='word_1_259' title='bbox 943 3296 1021 3340; x_wconf 96' lang='grc'><strong>77.</strong></span> <span class='ocrx_word' id='word_1_260' title='bbox 1045 3296 1145 3341; x_wconf 76' lang='lat' dir='ltr'><strong>coll.</strong></span> <span class='ocrx_word' id='word_1_261' title='bbox 1167 3295 1230 3341; x_wconf 91' lang='lat' dir='ltr'><strong>iii.</strong></span> <span class='ocrx_word' id='word_1_262' title='bbox 1267 3298 1314 3342; x_wconf 87' lang='grc'><strong>6.</strong></span> <span class='ocrx_word' id='word_1_263' title='bbox 1371 3328 1376 3334; x_wconf 82' lang='grc'><strong>.</strong></span> 
     </span>
    </p>
   </div>
   <div class='ocr_carea' id='block_1_4' title="bbox 163 3357 1328 4447">
    <p class='ocr_par' dir='ltr' id='par_1_20' title="bbox 163 3357 1328 4447">
     <span class='ocr_line' id='line_1_47' title="bbox 327 3357 1316 3409; baseline 0 -4"><span class='ocrx_word' id='word_1_264' title='bbox 327 3372 498 3408; x_wconf 77' lang='lat' dir='ltr'><strong>eorum</strong></span> <span class='ocrx_word' id='word_1_265' title='bbox 509 3358 667 3404; x_wconf 78' lang='lat' dir='ltr'><strong>vinum</strong></span> <span class='ocrx_word' id='word_1_266' title='bbox 688 3372 748 3403; x_wconf 90' lang='lat' dir='ltr'><strong>ex</strong></span> <span class='ocrx_word' id='word_1_267' title='bbox 777 3358 948 3405; x_wconf 86' lang='lat' dir='ltr'><strong>hordeo</strong></span> <span class='ocrx_word' id='word_1_268' title='bbox 979 3357 1026 3403; x_wconf 89' lang='lat' dir='ltr'><strong>ii.</strong></span> <span class='ocrx_word' id='word_1_269' title='bbox 1047 3360 1128 3409; x_wconf 91' lang='grc'><strong>77.</strong></span> <span class='ocrx_word' id='word_1_270' title='bbox 1167 3359 1316 3407; x_wconf 87' lang='lat' dir='ltr'><strong>oleum</strong></span> 
     </span>
     <span class='ocr_line' id='line_1_48' title="bbox 327 3422 1316 3499; baseline 0 -27"><span class='ocrx_word' id='word_1_271' title='bbox 327 3438 390 3472; x_wconf 85' lang='lat' dir='ltr'><strong>ex</strong></span> <span class='ocrx_word' id='word_1_272' title='bbox 426 3422 704 3499; x_wconf 55' lang='lat' dir='ltr'><strong>sillicyprio</strong></span> <span class='ocrx_word' id='word_1_273' title='bbox 693 3422 742 3469; x_wconf 89' lang='grc'><strong>11.</strong></span> <span class='ocrx_word' id='word_1_274' title='bbox 767 3424 846 3471; x_wconf 88' lang='grc'><strong>94.</strong></span> <span class='ocrx_word' id='word_1_275' title='bbox 869 3438 973 3469; x_wconf 88' lang='lat' dir='ltr'><strong>cum</strong></span> <span class='ocrx_word' id='word_1_276' title='bbox 993 3422 1102 3471; x_wconf 80' lang='lat' dir='ltr'><strong>feris</strong></span> <span class='ocrx_word' id='word_1_277' title='bbox 1125 3440 1316 3472; x_wconf 82' lang='lat' dir='ltr'><strong>vescun-</strong></span> 
     </span>
     <span class='ocr_line' id='line_1_49' title="bbox 329 3484 1316 3551; baseline 0.001 -16"><span class='ocrx_word' id='word_1_278' title='bbox 329 3487 472 3535; x_wconf 85' lang='lat' dir='ltr'><strong>turii.</strong></span> <span class='ocrx_word' id='word_1_279' title='bbox 498 3491 572 3535; x_wconf 84' lang='lat'><strong>36.</strong></span> <span class='ocrx_word' id='word_1_280' title='bbox 597 3502 724 3535; x_wconf 88' lang='lat' dir='ltr'><strong>suem</strong></span> <span class='ocrx_word' id='word_1_281' title='bbox 747 3502 836 3537; x_wconf 89' lang='lat' dir='ltr'><strong>non</strong></span> <span class='ocrx_word' id='word_1_282' title='bbox 859 3484 1316 3551; x_wconf 79' lang='lat' dir='ltr'><strong>aluntiv.186.·quo</strong></span> 
     </span>
     <span class='ocr_line' id='line_1_50' title="bbox 329 3553 1320 3614; baseline 0.002 -13"><span class='ocrx_word' id='word_1_283' title='bbox 329 3560 535 3614; x_wconf 85' lang='lat' dir='ltr'><strong>tempore</strong></span> <span class='ocrx_word' id='word_1_284' title='bbox 557 3568 660 3601; x_wconf 85' lang='lat' dir='ltr'><strong>sues</strong></span> <span class='ocrx_word' id='word_1_285' title='bbox 673 3553 912 3599; x_wconf 82' lang='lat' dir='ltr'><strong>immolent</strong></span> <span class='ocrx_word' id='word_1_286' title='bbox 931 3560 978 3598; x_wconf 91' lang='lat' dir='ltr'><strong>et</strong></span> <span class='ocrx_word' id='word_1_287' title='bbox 995 3566 1151 3601; x_wconf 87' lang='lat' dir='ltr'><strong>earum</strong></span> <span class='ocrx_word' id='word_1_288' title='bbox 1185 3570 1320 3603; x_wconf 80' lang='lat' dir='ltr'><strong>cerne</strong></span> 
     </span>
     <span class='ocr_line' id='line_1_51' title="bbox 328 3616 1316 3681; baseline 0 -14"><span class='ocrx_word' id='word_1_289' title='bbox 328 3626 574 3667; x_wconf 75' lang='lat' dir='ltr'><strong>vescantur</strong></span> <span class='ocrx_word' id='word_1_290' title='bbox 591 3617 642 3664; x_wconf 89' lang='lat' dir='ltr'><strong>ii.</strong></span> <span class='ocrx_word' id='word_1_291' title='bbox 662 3622 744 3665; x_wconf 88' lang='grc'><strong>47.</strong></span> <span class='ocrx_word' id='word_1_292' title='bbox 775 3621 857 3665; x_wconf 86' lang='grc'><strong>48.</strong></span> <span class='ocrx_word' id='word_1_293' title='bbox 877 3616 1062 3665; x_wconf 84' lang='lat' dir='ltr'><strong>abluunt</strong></span> <span class='ocrx_word' id='word_1_294' title='bbox 1081 3627 1186 3681; x_wconf 86' lang='lat' dir='ltr'><strong>post</strong></span> <span class='ocrx_word' id='word_1_295' title='bbox 1205 3636 1316 3667; x_wconf 88' lang='lat' dir='ltr'><strong>con-</strong></span> 
     </span>
     <span class='ocr_line' id='line_1_52' title="bbox 328 3682 1317 3745; baseline 0.001 -14"><span class='ocrx_word' id='word_1_296' title='bbox 328 3690 498 3731; x_wconf 75' lang='lat' dir='ltr'><strong>tactam</strong></span> <span class='ocrx_word' id='word_1_297' title='bbox 539 3697 668 3730; x_wconf 89' lang='lat' dir='ltr'><strong>suem</strong></span> <span class='ocrx_word' id='word_1_298' title='bbox 703 3683 752 3729; x_wconf 91' lang='lat' dir='ltr'><strong>ii.</strong></span> <span class='ocrx_word' id='word_1_299' title='bbox 794 3682 1148 3745; x_wconf 81' lang='lat' dir='ltr'><strong>47.--AEgyptii</strong></span> <span class='ocrx_word' id='word_1_300' title='bbox 1192 3684 1317 3732; x_wconf 84' lang='lat' dir='ltr'><strong>Tbe-</strong></span> 
     </span>
     <span class='ocr_line' id='line_1_53' title="bbox 327 3746 1319 3811; baseline 0.001 -15"><span class='ocrx_word' id='word_1_301' title='bbox 327 3750 462 3797; x_wconf 77' lang='lat' dir='ltr'><strong>banae</strong></span> <span class='ocrx_word' id='word_1_302' title='bbox 481 3746 731 3811; x_wconf 74' lang='lat' dir='ltr'><strong>provinciae</strong></span> <span class='ocrx_word' id='word_1_303' title='bbox 752 3747 808 3794; x_wconf 82' lang='lat' dir='ltr'><strong>ab</strong></span> <span class='ocrx_word' id='word_1_304' title='bbox 839 3747 996 3796; x_wconf 83' lang='lat' dir='ltr'><strong>ovibus</strong></span> <span class='ocrx_word' id='word_1_305' title='bbox 1014 3749 1242 3795; x_wconf 72' lang='lat' dir='ltr'><strong>abstinent</strong></span> <span class='ocrx_word' id='word_1_306' title='bbox 1271 3756 1319 3797; x_wconf 88' lang='lat' dir='ltr'><strong>et</strong></span> 
     </span>
     <span class='ocr_line' id='line_1_54' title="bbox 330 3812 1320 3925; baseline 0.002 -65"><span class='ocrx_word' id='word_1_307' title='bbox 330 3827 488 3925; x_wconf 57' lang='lat' dir='ltr'><strong>{aptas</strong></span> <span class='ocrx_word' id='word_1_308' title='bbox 503 3812 766 3859; x_wconf 85' lang='lat' dir='ltr'><strong>immolant</strong></span> <span class='ocrx_word' id='word_1_309' title='bbox 755 3812 936 3925; x_wconf 54' lang='lat' dir='ltr'><strong>,biidiiffi</strong></span> <span class='ocrx_word' id='word_1_310' title='bbox 949 3826 1040 3925; x_wconf 54' lang='grc' dir='ltr'><strong>ιὲεδο</strong></span> <span class='ocrx_word' id='word_1_311' title='bbox 1050 3814 1114 3861; x_wconf 85' lang='lat' dir='ltr'><strong>ita</strong></span> <span class='ocrx_word' id='word_1_312' title='bbox 1134 3813 1320 3862; x_wconf 85' lang='lat' dir='ltr'><strong>iiMen-</strong></span> 
     </span>
     <span class='ocr_line' id='line_1_55' title="bbox 365 3877 938 3926; baseline -0.002 0"><span class='ocrx_word' id='word_1_313' title='bbox 365 3892 473 3926; x_wconf 77' lang='lat' dir='ltr'><strong>esiae</strong></span> <span class='ocrx_word' id='word_1_314' title='bbox 525 3877 738 3925; x_wconf 77' lang='lat' dir='ltr'><strong>revinciae</strong></span> <span class='ocrx_word' id='word_1_315' title='bbox 759 3892 776 3923; x_wconf 79' lang='grc' dir='ltr'><strong>ι</strong></span> <span class='ocrx_word' id='word_1_316' title='bbox 806 3892 823 3924; x_wconf 85' lang='grc' dir='ltr'><strong>ι</strong></span> <span class='ocrx_word' id='word_1_317' title='bbox 893 3886 938 3925; x_wconf 78' lang='lat' dir='ltr'><strong>et</strong></span> 
     </span>
     <span class='ocr_line' id='line_1_56' title="bbox 399 3892 1320 4005; baseline 0.001 -15"><span class='ocrx_word' id='word_1_318' title='bbox 399 3892 612 4005; x_wconf 53' lang='lat' dir='ltr'><strong>AEggvpui</strong></span> <span class='ocrx_word' id='word_1_319' title='bbox 652 3942 860 4004; x_wconf 83' lang='lat' dir='ltr'><strong>pudenda</strong></span> <span class='ocrx_word' id='word_1_320' title='bbox 899 3941 1228 3989; x_wconf 80' lang='lat' dir='ltr'><strong>circumcidunt</strong></span> <span class='ocrx_word' id='word_1_321' title='bbox 1271 3942 1320 3991; x_wconf 90' lang='lat' dir='ltr'><strong>ii.</strong></span> 
     </span>
     <span class='ocr_line' id='line_1_57' title="bbox 331 4006 1319 4064; baseline 0 -9"><span class='ocrx_word' id='word_1_322' title='bbox 331 4012 416 4055; x_wconf 79' lang='grc'><strong>36.</strong></span> <span class='ocrx_word' id='word_1_323' title='bbox 467 4012 569 4055; x_wconf 87' lang='grc'><strong><em>104.</em></strong></span> <span class='ocrx_word' id='word_1_324' title='bbox 574 4006 741 4057; x_wconf 88' lang='lat' dir='ltr'><strong>—Viri</strong></span> <span class='ocrx_word' id='word_1_325' title='bbox 779 4008 908 4055; x_wconf 85' lang='lat' dir='ltr'><strong>binas</strong></span> <span class='ocrx_word' id='word_1_326' title='bbox 947 4015 1100 4055; x_wconf 83' lang='lat' dir='ltr'><strong>vestes</strong></span> <span class='ocrx_word' id='word_1_327' title='bbox 1143 4008 1319 4064; x_wconf 80' lang='lat' dir='ltr'><strong>babent,</strong></span> 
     </span>
     <span class='ocr_line' id='line_1_58' title="bbox 329 4071 1318 4134; baseline 0.001 -14"><span class='ocrx_word' id='word_1_328' title='bbox 329 4072 516 4120; x_wconf 81' lang='lat' dir='ltr'><strong>feminae</strong></span> <span class='ocrx_word' id='word_1_329' title='bbox 537 4071 740 4134; x_wconf 82' lang='lat' dir='ltr'><strong>singulas</strong></span> <span class='ocrx_word' id='word_1_330' title='bbox 772 4073 819 4119; x_wconf 90' lang='lat' dir='ltr'><strong>ii.</strong></span> <span class='ocrx_word' id='word_1_331' title='bbox 848 4076 928 4121; x_wconf 88' lang='grc'><strong>36.</strong></span> <span class='ocrx_word' id='word_1_332' title='bbox 961 4072 1130 4119; x_wconf 85' lang='lat' dir='ltr'><strong>Vestes</strong></span> <span class='ocrx_word' id='word_1_333' title='bbox 1159 4087 1318 4121; x_wconf 89' lang='lat' dir='ltr'><strong>eorum</strong></span> 
     </span>
     <span class='ocr_line' id='line_1_59' title="bbox 163 4137 1324 4201; baseline 0.003 -18"><span class='ocrx_word' id='word_1_334' title='bbox 163 4170 170 4183; x_wconf 87' lang='lat'><strong>.</strong></span> <span class='ocrx_word' id='word_1_335' title='bbox 328 4139 470 4184; x_wconf 82' lang='lat' dir='ltr'><strong>lineae</strong></span> <span class='ocrx_word' id='word_1_336' title='bbox 511 4144 560 4184; x_wconf 91' lang='lat' dir='ltr'><strong>et</strong></span> <span class='ocrx_word' id='word_1_337' title='bbox 600 4137 746 4185; x_wconf 71' lang='lat' dir='ltr'><strong>lanere</strong></span> <span class='ocrx_word' id='word_1_338' title='bbox 775 4138 822 4185; x_wconf 88' lang='lat' dir='ltr'><strong>ii.</strong></span> <span class='ocrx_word' id='word_1_339' title='bbox 867 4140 946 4184; x_wconf 87' lang='lat'><strong>81.</strong></span> <span class='ocrx_word' id='word_1_340' title='bbox 996 4144 1232 4201; x_wconf 84' lang='lat' dir='ltr'><strong>unguenta</strong></span> <span class='ocrx_word' id='word_1_341' title='bbox 1272 4138 1324 4186; x_wconf 88' lang='lat' dir='ltr'><strong>ii.</strong></span> 
     </span>
     <span class='ocr_line' id='line_1_60' title="bbox 251 4200 1324 4267; baseline 0 -16"><span class='ocrx_word' id='word_1_342' title='bbox 251 4230 259 4235; x_wconf 96' lang='lat'>-</span> <span class='ocrx_word' id='word_1_343' title='bbox 332 4206 418 4251; x_wconf 85' lang='lat'><strong>94.</strong></span> <span class='ocrx_word' id='word_1_344' title='bbox 451 4202 578 4249; x_wconf 86' lang='lat' dir='ltr'><strong>cibus</strong></span> <span class='ocrx_word' id='word_1_345' title='bbox 607 4212 656 4251; x_wconf 87' lang='lat' dir='ltr'><strong>et</strong></span> <span class='ocrx_word' id='word_1_346' title='bbox 689 4209 824 4267; x_wconf 78' lang='lat' dir='ltr'><strong>potus</strong></span> <span class='ocrx_word' id='word_1_347' title='bbox 857 4202 906 4249; x_wconf 89' lang='lat' dir='ltr'><strong>ii.</strong></span> <span class='ocrx_word' id='word_1_348' title='bbox 949 4206 1030 4254; x_wconf 90' lang='grc'><strong>77.</strong></span> <span class='ocrx_word' id='word_1_349' title='bbox 1071 4200 1150 4258; x_wconf 81' lang='grc'><strong>78.</strong></span> <span class='ocrx_word' id='word_1_350' title='bbox 1183 4202 1252 4267; x_wconf 66' lang='lat'><strong>9⁰.</strong></span> <span class='ocrx_word' id='word_1_351' title='bbox 1283 4218 1324 4251; x_wconf 83' lang='lat' dir='ltr'><strong>c.</strong></span> 
     </span>
     <span class='ocr_line' id='line_1_61' title="bbox 333 4267 1325 4317; baseline 0 -1"><span class='ocrx_word' id='word_1_352' title='bbox 333 4273 415 4316; x_wconf 85' lang='grc'><strong>92.</strong></span> <span class='ocrx_word' id='word_1_353' title='bbox 464 4275 512 4314; x_wconf 78' lang='lat' dir='ltr'><strong>et</strong></span> <span class='ocrx_word' id='word_1_354' title='bbox 560 4270 669 4316; x_wconf 81' lang='grc'><strong><em>125.</em></strong></span> <span class='ocrx_word' id='word_1_355' title='bbox 713 4268 918 4315; x_wconf 76' lang='lat' dir='ltr'><strong>salutatio</strong></span> <span class='ocrx_word' id='word_1_356' title='bbox 958 4273 1116 4315; x_wconf 77' lang='lat' dir='ltr'><strong>mutua</strong></span> <span class='ocrx_word' id='word_1_357' title='bbox 1160 4267 1207 4313; x_wconf 89' lang='lat' dir='ltr'><strong>ii.</strong></span> <span class='ocrx_word' id='word_1_358' title='bbox 1243 4271 1325 4317; x_wconf 87' lang='grc'><strong>80.</strong></span> 
     </span>
     <span class='ocr_line' id='line_1_62' title="bbox 337 4332 1328 4397; baseline 0.003 -17"><span class='ocrx_word' id='word_1_359' title='bbox 337 4332 566 4381; x_wconf 74' lang='lat' dir='ltr'><strong>cantilena</strong></span> <span class='ocrx_word' id='word_1_360' title='bbox 602 4333 651 4381; x_wconf 84' lang='lat' dir='ltr'><strong>ii.</strong></span> <span class='ocrx_word' id='word_1_361' title='bbox 699 4335 778 4382; x_wconf 79' lang='lat'><strong>79.</strong></span> <span class='ocrx_word' id='word_1_362' title='bbox 821 4332 1034 4397; x_wconf 67' lang='lat' dir='ltr'><strong>praecipui</strong></span> <span class='ocrx_word' id='word_1_363' title='bbox 1077 4336 1328 4383; x_wconf 81' lang='lat' dir='ltr'><strong>conventus</strong></span> 
     </span>
     <span class='ocr_line' id='line_1_63' title="bbox 401 4412 590 4447; baseline 0.011 -2"><span class='ocrx_word' id='word_1_364' title='bbox 401 4412 519 4445; x_wconf 67' lang='lat' dir='ltr'><strong>⁷vot..</strong></span> <span class='ocrx_word' id='word_1_365' title='bbox 535 4412 590 4447; x_wconf 80' lang='grc' dir='ltr'><strong>ιι.</strong></span> 
     </span>
    </p>
   </div>
   <div class='ocr_carea' id='block_1_5' title="bbox 1448 300 2447 2379">
    <p class='ocr_par' dir='ltr' id='par_1_21' title="bbox 1450 300 2433 483">
     <span class='ocr_line' id='line_1_64' title="bbox 1450 300 2433 367; baseline 0 -14"><span class='ocrx_word' id='word_1_366' title='bbox 1450 305 1501 353; x_wconf 82' lang='grc'><strong>11.</strong></span> <span class='ocrx_word' id='word_1_367' title='bbox 1538 300 1862 353; x_wconf 51' lang='lat' dir='ltr'><strong>sss-Eorum</strong></span> <span class='ocrx_word' id='word_1_368' title='bbox 1882 302 2031 352; x_wconf 80' lang='lat' dir='ltr'><strong>luctus</strong></span> <span class='ocrx_word' id='word_1_369' title='bbox 2053 310 2102 352; x_wconf 90' lang='lat' dir='ltr'><strong>et</strong></span> <span class='ocrx_word' id='word_1_370' title='bbox 2138 303 2365 367; x_wconf 83' lang='lat' dir='ltr'><strong>sepultura</strong></span> <span class='ocrx_word' id='word_1_371' title='bbox 2387 304 2433 353; x_wconf 86' lang='lat' dir='ltr'><strong>ii.</strong></span> 
     </span>
     <span class='ocr_line' id='line_1_65' title="bbox 1451 368 2433 432; baseline 0.001 -15"><span class='ocrx_word' id='word_1_372' title='bbox 1451 374 1533 417; x_wconf 91' lang='grc'><strong>85.</strong></span> <span class='ocrx_word' id='word_1_373' title='bbox 1570 370 1649 417; x_wconf 89' lang='grc'><strong>86.</strong></span> <span class='ocrx_word' id='word_1_374' title='bbox 1671 384 1771 417; x_wconf 88' lang='lat' dir='ltr'><strong>mos</strong></span> <span class='ocrx_word' id='word_1_375' title='bbox 1806 368 1971 432; x_wconf 87' lang='lat' dir='ltr'><strong>triplex</strong></span> <span class='ocrx_word' id='word_1_376' title='bbox 1992 369 2041 419; x_wconf 87' lang='lat' dir='ltr'><strong>in</strong></span> <span class='ocrx_word' id='word_1_377' title='bbox 2074 370 2333 418; x_wconf 85' lang='lat' dir='ltr'><strong>condiendis</strong></span> <span class='ocrx_word' id='word_1_378' title='bbox 2354 384 2433 418; x_wconf 86' lang='lat' dir='ltr'><strong>ea-</strong></span> 
     </span>
     <span class='ocr_line' id='line_1_66' title="bbox 1450 434 1985 483; baseline -0.004 -1"><span class='ocrx_word' id='word_1_379' title='bbox 1450 434 1717 482; x_wconf 78' lang='lat' dir='ltr'><strong>daveribus</strong></span> <span class='ocrx_word' id='word_1_380' title='bbox 1704 435 1752 481; x_wconf 90' lang='grc'><strong>11.</strong></span> <span class='ocrx_word' id='word_1_381' title='bbox 1776 435 1985 483; x_wconf 71' lang='grc'><strong><em>86-88,</em></strong></span> 
     </span>
    </p>

    <p class='ocr_par' dir='ltr' id='par_1_22' title="bbox 1448 498 2435 611">
     <span class='ocr_line' id='line_1_67' title="bbox 1512 498 2435 565; baseline 0 -18"><span class='ocrx_word' id='word_1_382' title='bbox 1512 498 1687 547; x_wconf 85' lang='grc' dir='ltr'><strong>Εοιιιιιι</strong></span> <span class='ocrx_word' id='word_1_383' title='bbox 1712 514 1851 547; x_wconf 86' lang='lat' dir='ltr'><strong>naves</strong></span> <span class='ocrx_word' id='word_1_384' title='bbox 1882 514 1943 547; x_wconf 86' lang='lat' dir='ltr'><strong>ex</strong></span> <span class='ocrx_word' id='word_1_385' title='bbox 1982 500 2113 565; x_wconf 85' lang='lat' dir='ltr'><strong>spina</strong></span> <span class='ocrx_word' id='word_1_386' title='bbox 2130 501 2287 547; x_wconf 81' lang='lat' dir='ltr'><strong>arbore</strong></span> <span class='ocrx_word' id='word_1_387' title='bbox 2322 514 2435 547; x_wconf 87' lang='lat' dir='ltr'><strong>con·</strong></span> 
     </span>
     <span class='ocr_line' id='line_1_68' title="bbox 1448 563 1808 611; baseline 0 0"><span class='ocrx_word' id='word_1_388' title='bbox 1448 563 1614 611; x_wconf 77' lang='lat' dir='ltr'><strong>fectae‘</strong></span> <span class='ocrx_word' id='word_1_389' title='bbox 1600 564 1650 611; x_wconf 90' lang='grc'><strong>11.</strong></span> <span class='ocrx_word' id='word_1_390' title='bbox 1673 567 1755 611; x_wconf 88' lang='grc'><strong>96.</strong></span> <span class='ocrx_word' id='word_1_391' title='bbox 1802 582 1808 593; x_wconf 85' lang='lat'><strong>·</strong></span> 
     </span>
    </p>

    <p class='ocr_par' dir='ltr' id='par_1_23' title="bbox 1450 627 2439 750">
     <span class='ocr_line' id='line_1_69' title="bbox 1518 627 2439 693; baseline 0.002 -18"><span class='ocrx_word' id='word_1_392' title='bbox 1518 628 1869 691; x_wconf 79' lang='lat' dir='ltr'><strong>AEgyptiorum,</strong></span> <span class='ocrx_word' id='word_1_393' title='bbox 1904 629 1981 691; x_wconf 88' lang='lat' dir='ltr'><strong>qui</strong></span> <span class='ocrx_word' id='word_1_394' title='bbox 2017 629 2065 677; x_wconf 85' lang='grc' dir='ltr'><strong>1ιι</strong></span> <span class='ocrx_word' id='word_1_395' title='bbox 2102 628 2336 693; x_wconf 75' lang='lat' dir='ltr'><strong>paludibus</strong></span> <span class='ocrx_word' id='word_1_396' title='bbox 2355 627 2439 677; x_wconf 83' lang='lat' dir='ltr'><strong>ha·</strong></span> 
     </span>
     <span class='ocr_line' id='line_1_70' title="bbox 1450 694 2348 750; baseline -0.001 -8"><span class='ocrx_word' id='word_1_397' title='bbox 1450 694 1611 750; x_wconf 82' lang='lat' dir='ltr'><strong>bitant,</strong></span> <span class='ocrx_word' id='word_1_398' title='bbox 1633 708 1783 741; x_wconf 83' lang='lat' dir='ltr'><strong>mores</strong></span> <span class='ocrx_word' id='word_1_399' title='bbox 1804 702 1851 740; x_wconf 88' lang='lat' dir='ltr'><strong>et</strong></span> <span class='ocrx_word' id='word_1_400' title='bbox 1872 694 2079 743; x_wconf 81' lang='lat' dir='ltr'><strong>instituta</strong></span> <span class='ocrx_word' id='word_1_401' title='bbox 2098 695 2145 741; x_wconf 86' lang='lat' dir='ltr'><strong>ii.</strong></span> <span class='ocrx_word' id='word_1_402' title='bbox 2165 698 2245 743; x_wconf 73' lang='lat'><strong>92.</strong></span> <span class='ocrx_word' id='word_1_403' title='bbox 2268 699 2348 743; x_wconf 83' lang='grc'><strong>93.</strong></span> 
     </span>
    </p>

    <p class='ocr_par' dir='ltr' id='par_1_24' title="bbox 1450 758 2443 1469">
     <span class='ocr_line' id='line_1_71' title="bbox 1528 758 2439 821; baseline 0 -15"><span class='ocrx_word' id='word_1_404' title='bbox 1528 758 1854 821; x_wconf 84' lang='lat' dir='ltr'><strong>AEgyptiorum</strong></span> <span class='ocrx_word' id='word_1_405' title='bbox 1879 760 2043 807; x_wconf 87' lang='lat' dir='ltr'><strong>milites</strong></span> <span class='ocrx_word' id='word_1_406' title='bbox 2080 760 2128 806; x_wconf 90' lang='lat' dir='ltr'><strong>ii.</strong></span> <span class='ocrx_word' id='word_1_407' title='bbox 2170 758 2439 807; x_wconf 73' lang='lat'><strong>164—166.</strong></span> 
     </span>
     <span class='ocr_line' id='line_1_72' title="bbox 1452 821 2439 885; baseline 0 -14"><span class='ocrx_word' id='word_1_408' title='bbox 1452 838 1645 883; x_wconf 85' lang='lat' dir='ltr'><strong>quorum</strong></span> <span class='ocrx_word' id='word_1_409' title='bbox 1690 823 1957 885; x_wconf 74' lang='lat' dir='ltr'><strong>stipendium</strong></span> <span class='ocrx_word' id='word_1_410' title='bbox 1998 831 2047 871; x_wconf 84' lang='lat' dir='ltr'><strong>et</strong></span> <span class='ocrx_word' id='word_1_411' title='bbox 2098 824 2339 871; x_wconf 82' lang='lat' dir='ltr'><strong>commoda</strong></span> <span class='ocrx_word' id='word_1_412' title='bbox 2391 821 2439 871; x_wconf 92' lang='lat' dir='ltr'><strong>ii.</strong></span> 
     </span>
     <span class='ocr_line' id='line_1_73' title="bbox 1457 887 2437 939; baseline -0.001 -4"><span class='ocrx_word' id='word_1_413' title='bbox 1457 892 1565 939; x_wconf 89' lang='grc'><strong><em>167.</em></strong></span> <span class='ocrx_word' id='word_1_414' title='bbox 1586 896 1633 935; x_wconf 91' lang='lat' dir='ltr'><strong>et</strong></span> <span class='ocrx_word' id='word_1_415' title='bbox 1654 897 1891 936; x_wconf 76' lang='lat' dir='ltr'><strong>armatura·</strong></span> <span class='ocrx_word' id='word_1_416' title='bbox 1908 887 1987 935; x_wconf 82' lang='lat' dir='ltr'><strong>vii.</strong></span> <span class='ocrx_word' id='word_1_417' title='bbox 2010 889 2087 935; x_wconf 86' lang='grc'><strong>89.</strong></span> <span class='ocrx_word' id='word_1_418' title='bbox 2114 891 2219 937; x_wconf 80' lang='lat' dir='ltr'><strong>coll.</strong></span> <span class='ocrx_word' id='word_1_419' title='bbox 2255 889 2291 937; x_wconf 86' lang='lat' dir='ltr'><strong>i.</strong></span> <span class='ocrx_word' id='word_1_420' title='bbox 2330 892 2437 937; x_wconf 79' lang='lat'><strong>135.</strong></span> 
     </span>
     <span class='ocr_line' id='line_1_74' title="bbox 1451 952 2443 1013; baseline 0 -14"><span class='ocrx_word' id='word_1_421' title='bbox 1451 952 1513 999; x_wconf 87' lang='lat' dir='ltr'><strong>iv.</strong></span> <span class='ocrx_word' id='word_1_422' title='bbox 1555 956 1659 1000; x_wconf 88' lang='grc'><strong><em>180.</em></strong></span> <span class='ocrx_word' id='word_1_423' title='bbox 1692 952 1739 999; x_wconf 90' lang='grc' dir='ltr'><strong>1ιι</strong></span> <span class='ocrx_word' id='word_1_424' title='bbox 1777 968 1947 1013; x_wconf 78' lang='lat' dir='ltr'><strong>magno</strong></span> <span class='ocrx_word' id='word_1_425' title='bbox 1982 958 2215 1001; x_wconf 84' lang='lat' dir='ltr'><strong>contemtu</strong></span> <span class='ocrx_word' id='word_1_426' title='bbox 2248 952 2443 1003; x_wconf 84' lang='lat' dir='ltr'><strong>Setboni</strong></span> 
     </span>
     <span class='ocr_line' id='line_1_75' title="bbox 1452 1017 2441 1081; baseline 0.001 -17"><span class='ocrx_word' id='word_1_427' title='bbox 1452 1018 1552 1081; x_wconf 82' lang='lat' dir='ltr'><strong>regi</strong></span> <span class='ocrx_word' id='word_1_428' title='bbox 1574 1018 1623 1065; x_wconf 85' lang='lat' dir='ltr'><strong>ii.</strong></span> <span class='ocrx_word' id='word_1_429' title='bbox 1659 1020 1743 1066; x_wconf 86' lang='lat'><strong>141</strong></span> <span class='ocrx_word' id='word_1_430' title='bbox 1752 1017 2047 1081; x_wconf 82' lang='lat' dir='ltr'><strong>.—AEgyptii</strong></span> <span class='ocrx_word' id='word_1_431' title='bbox 2081 1018 2243 1067; x_wconf 87' lang='lat' dir='ltr'><strong>medici</strong></span> <span class='ocrx_word' id='word_1_432' title='bbox 2278 1018 2441 1067; x_wconf 85' lang='lat' dir='ltr'><strong>ceteris</strong></span> 
     </span>
     <span class='ocr_line' id='line_1_76' title="bbox 1451 1082 2443 1146; baseline 0.002 -17"><span class='ocrx_word' id='word_1_433' title='bbox 1451 1083 1783 1146; x_wconf 81' lang='lat' dir='ltr'><strong>praestantiores</strong></span> <span class='ocrx_word' id='word_1_434' title='bbox 1814 1082 1879 1129; x_wconf 90' lang='lat' dir='ltr'><strong>iii.</strong></span> <span class='ocrx_word' id='word_1_435' title='bbox 1918 1086 2023 1131; x_wconf 78' lang='grc'><strong><em>129.</em></strong></span> <span class='ocrx_word' id='word_1_436' title='bbox 2057 1083 2246 1145; x_wconf 82' lang='lat' dir='ltr'><strong>singulis</strong></span> <span class='ocrx_word' id='word_1_437' title='bbox 2274 1083 2443 1131; x_wconf 86' lang='lat' dir='ltr'><strong>morbis</strong></span> 
     </span>
     <span class='ocr_line' id='line_1_77' title="bbox 1454 1147 2443 1211; baseline 0.001 -17"><span class='ocrx_word' id='word_1_438' title='bbox 1454 1148 1627 1209; x_wconf 77' lang='lat' dir='ltr'><strong>singuli</strong></span> <span class='ocrx_word' id='word_1_439' title='bbox 1658 1148 1704 1193; x_wconf 91' lang='lat' dir='ltr'><strong>ii.</strong></span> <span class='ocrx_word' id='word_1_440' title='bbox 1732 1151 1793 1195; x_wconf 87' lang='grc'><strong>84</strong></span> <span class='ocrx_word' id='word_1_441' title='bbox 1798 1147 2146 1211; x_wconf 82' lang='lat' dir='ltr'><strong>.—-interpretes</strong></span> <span class='ocrx_word' id='word_1_442' title='bbox 2182 1148 2227 1195; x_wconf 88' lang='lat' dir='ltr'><strong>ii.</strong></span> <span class='ocrx_word' id='word_1_443' title='bbox 2273 1151 2380 1197; x_wconf 85' lang='lat'><strong>164.</strong></span> <span class='ocrx_word' id='word_1_444' title='bbox 2413 1162 2443 1195; x_wconf 87' lang='grc' dir='ltr'><strong>ιι</strong></span> 
     </span>
     <span class='ocr_line' id='line_1_78' title="bbox 1454 1210 2445 1274; baseline -0.002 -13"><span class='ocrx_word' id='word_1_445' title='bbox 1454 1213 1617 1274; x_wconf 85' lang='lat' dir='ltr'><strong>quibus</strong></span> <span class='ocrx_word' id='word_1_446' title='bbox 1636 1210 1813 1259; x_wconf 86' lang='lat' dir='ltr'><strong>oriundi</strong></span> <span class='ocrx_word' id='word_1_447' title='bbox 1848 1212 1894 1259; x_wconf 88' lang='lat' dir='ltr'><strong>ii.</strong></span> <span class='ocrx_word' id='word_1_448' title='bbox 1936 1214 2038 1261; x_wconf 86' lang='grc'><strong><em>154.</em></strong></span> <span class='ocrx_word' id='word_1_449' title='bbox 2041 1213 2359 1261; x_wconf 82' lang='lat' dir='ltr'><strong>-sacerdotes</strong></span> <span class='ocrx_word' id='word_1_450' title='bbox 2390 1213 2445 1261; x_wconf 91' lang='lat' dir='ltr'><strong>ii.</strong></span> 
     </span>
     <span class='ocr_line' id='line_1_79' title="bbox 1454 1278 2441 1340; baseline 0 -15"><span class='ocrx_word' id='word_1_451' title='bbox 1454 1279 1520 1325; x_wconf 88' lang='grc'><strong>86</strong></span> <span class='ocrx_word' id='word_1_452' title='bbox 1552 1292 1644 1339; x_wconf 78' lang='lat' dir='ltr'><strong>seq.</strong></span> <span class='ocrx_word' id='word_1_453' title='bbox 1678 1292 1869 1339; x_wconf 87' lang='lat' dir='ltr'><strong>quorum</strong></span> <span class='ocrx_word' id='word_1_454' title='bbox 1890 1292 2009 1325; x_wconf 86' lang='lat' dir='ltr'><strong>unus</strong></span> <span class='ocrx_word' id='word_1_455' title='bbox 2030 1284 2101 1326; x_wconf 82' lang='lat' dir='ltr'><strong>est</strong></span> <span class='ocrx_word' id='word_1_456' title='bbox 2135 1278 2343 1340; x_wconf 85' lang='lat' dir='ltr'><strong>princeps</strong></span> <span class='ocrx_word' id='word_1_457' title='bbox 2362 1292 2441 1325; x_wconf 87' lang='lat' dir='ltr'><strong>sa-</strong></span> 
     </span>
     <span class='ocr_line' id='line_1_80' title="bbox 1450 1341 2440 1405; baseline -0.001 -15"><span class='ocrx_word' id='word_1_458' title='bbox 1450 1342 1611 1390; x_wconf 79' lang='lat' dir='ltr'><strong>cerdos</strong></span> <span class='ocrx_word' id='word_1_459' title='bbox 1646 1342 1695 1389; x_wconf 90' lang='lat' dir='ltr'><strong>ii.</strong></span> <span class='ocrx_word' id='word_1_460' title='bbox 1732 1345 1813 1391; x_wconf 86' lang='grc'><strong>37.</strong></span> <span class='ocrx_word' id='word_1_461' title='bbox 1846 1343 1921 1403; x_wconf 89' lang='lat' dir='ltr'><strong>qui</strong></span> <span class='ocrx_word' id='word_1_462' title='bbox 1955 1341 2127 1390; x_wconf 84' lang='lat' dir='ltr'><strong>Thebis</strong></span> <span class='ocrx_word' id='word_1_463' title='bbox 2172 1343 2219 1388; x_wconf 89' lang='lat' dir='ltr'><strong>in</strong></span> <span class='ocrx_word' id='word_1_464' title='bbox 2254 1343 2440 1405; x_wconf 78' lang='lat' dir='ltr'><strong>templo,</strong></span> 
     </span>
     <span class='ocr_line' id='line_1_81' title="bbox 1452 1406 2442 1469; baseline 0.004 -16"><span class='ocrx_word' id='word_1_465' title='bbox 1452 1407 1559 1454; x_wconf 88' lang='lat' dir='ltr'><strong>dum</strong></span> <span class='ocrx_word' id='word_1_466' title='bbox 1571 1407 1699 1463; x_wconf 81' lang='lat' dir='ltr'><strong>vivit,</strong></span> <span class='ocrx_word' id='word_1_467' title='bbox 1722 1406 1965 1469; x_wconf 76' lang='lat' dir='ltr'><strong>imaginem</strong></span> <span class='ocrx_word' id='word_1_468' title='bbox 1984 1422 2109 1454; x_wconf 85' lang='lat' dir='ltr'><strong>suam</strong></span> <span class='ocrx_word' id='word_1_469' title='bbox 2127 1408 2254 1469; x_wconf 86' lang='lat' dir='ltr'><strong>ponit</strong></span> <span class='ocrx_word' id='word_1_470' title='bbox 2266 1408 2321 1453; x_wconf 74' lang='lat' dir='ltr'><strong>ii..</strong></span> <span class='ocrx_word' id='word_1_471' title='bbox 2333 1411 2442 1457; x_wconf 82' lang='grc'><strong><em>143.</em></strong></span> 
     </span>
    </p>

    <p class='ocr_par' dir='ltr' id='par_1_25' title="bbox 1451 1471 2447 2379">
     <span class='ocr_line' id='line_1_82' title="bbox 1510 1471 2444 1534; baseline 0.002 -15"><span class='ocrx_word' id='word_1_472' title='bbox 1510 1472 1729 1534; x_wconf 78' lang='lat' dir='ltr'><strong>AEgyptii</strong></span> <span class='ocrx_word' id='word_1_473' title='bbox 1769 1472 2002 1519; x_wconf 85' lang='lat' dir='ltr'><strong>hominum</strong></span> <span class='ocrx_word' id='word_1_474' title='bbox 2044 1471 2357 1534; x_wconf 73' lang='lat' dir='ltr'><strong>sapientissimi</strong></span> <span class='ocrx_word' id='word_1_475' title='bbox 2394 1472 2444 1521; x_wconf 85' lang='lat' dir='ltr'><strong>ii.</strong></span> 
     </span>
     <span class='ocr_line' id='line_1_83' title="bbox 1454 1535 2443 1598; baseline 0.004 -17"><span class='ocrx_word' id='word_1_476' title='bbox 1454 1535 1535 1586; x_wconf 80' lang='grc'><strong>77.</strong></span> <span class='ocrx_word' id='word_1_477' title='bbox 1579 1538 1686 1584; x_wconf 81' lang='grc'><strong><em>160.</em></strong></span> <span class='ocrx_word' id='word_1_478' title='bbox 1709 1536 1953 1585; x_wconf 74' lang='lat' dir='ltr'><strong>multarum</strong></span> <span class='ocrx_word' id='word_1_479' title='bbox 1986 1550 2136 1583; x_wconf 84' lang='lat' dir='ltr'><strong>rerum</strong></span> <span class='ocrx_word' id='word_1_480' title='bbox 2180 1537 2443 1598; x_wconf 80' lang='lat' dir='ltr'><strong>cognitione</strong></span> 
     </span>
     <span class='ocr_line' id='line_1_84' title="bbox 1454 1600 2442 1650; baseline 0 -1"><span class='ocrx_word' id='word_1_481' title='bbox 1454 1600 1615 1649; x_wconf 84' lang='lat' dir='ltr'><strong>ceteris</strong></span> <span class='ocrx_word' id='word_1_482' title='bbox 1655 1601 1929 1650; x_wconf 84' lang='lat' dir='ltr'><strong>antecellunt</strong></span> <span class='ocrx_word' id='word_1_483' title='bbox 1960 1600 2006 1647; x_wconf 86' lang='lat' dir='ltr'><strong>ii.</strong></span> <span class='ocrx_word' id='word_1_484' title='bbox 2046 1604 2153 1649; x_wconf 78' lang='grc'><strong><em>121.</em></strong></span> <span class='ocrx_word' id='word_1_485' title='bbox 2196 1601 2442 1649; x_wconf 63' lang='lat' dir='ltr'><strong>Memoriae</strong></span> 
     </span>
     <span class='ocr_line' id='line_1_85' title="bbox 1454 1666 2442 1728; baseline 0.004 -16"><span class='ocrx_word' id='word_1_486' title='bbox 1454 1681 1605 1713; x_wconf 87' lang='lat' dir='ltr'><strong>rerum</strong></span> <span class='ocrx_word' id='word_1_487' title='bbox 1642 1672 1873 1728; x_wconf 78' lang='lat' dir='ltr'><strong>gestarum</strong></span> <span class='ocrx_word' id='word_1_488' title='bbox 1912 1666 2021 1712; x_wconf 80' lang='lat' dir='ltr'><strong>dant</strong></span> <span class='ocrx_word' id='word_1_489' title='bbox 2057 1681 2258 1728; x_wconf 63' lang='lat' dir='ltr'><strong>operam‘</strong></span> <span class='ocrx_word' id='word_1_490' title='bbox 2280 1666 2328 1712; x_wconf 88' lang='lat' dir='ltr'><strong>ii.</strong></span> <span class='ocrx_word' id='word_1_491' title='bbox 2360 1670 2442 1715; x_wconf 87' lang='grc'><strong>77.</strong></span> 
     </span>
     <span class='ocr_line' id='line_1_86' title="bbox 1451 1730 2446 1795; baseline 0.001 -17"><span class='ocrx_word' id='word_1_492' title='bbox 1451 1746 1503 1778; x_wconf 75' lang='grc'><strong>11.</strong></span> <span class='ocrx_word' id='word_1_493' title='bbox 1530 1731 1595 1795; x_wconf 58' lang='lat' dir='ltr'><strong>q:</strong></span> <span class='ocrx_word' id='word_1_494' title='bbox 1630 1730 1680 1777; x_wconf 91' lang='lat' dir='ltr'><strong>ii.</strong></span> <span class='ocrx_word' id='word_1_495' title='bbox 1709 1735 1815 1779; x_wconf 85' lang='lat'><strong>143.</strong></span> <span class='ocrx_word' id='word_1_496' title='bbox 1880 1730 2058 1779; x_wconf 82' lang='lat' dir='ltr'><strong>Eorum</strong></span> <span class='ocrx_word' id='word_1_497' title='bbox 2094 1732 2281 1779; x_wconf 86' lang='lat' dir='ltr'><strong>inventa</strong></span> <span class='ocrx_word' id='word_1_498' title='bbox 2315 1731 2361 1779; x_wconf 86' lang='lat' dir='ltr'><strong>ii.</strong></span> <span class='ocrx_word' id='word_1_499' title='bbox 2396 1737 2446 1781; x_wconf 88' lang='lat'><strong>4.</strong></span> 
     </span>
     <span class='ocr_line' id='line_1_87' title="bbox 1453 1795 2443 1859; baseline 0.003 -18"><span class='ocrx_word' id='word_1_500' title='bbox 1453 1799 1535 1843; x_wconf 85' lang='grc'><strong>82.</strong></span> <span class='ocrx_word' id='word_1_501' title='bbox 1572 1795 1805 1857; x_wconf 65' lang='lat' dir='ltr'><strong>scripturae</strong></span> <span class='ocrx_word' id='word_1_502' title='bbox 1842 1795 2007 1858; x_wconf 81' lang='lat' dir='ltr'><strong>duplex</strong></span> <span class='ocrx_word' id='word_1_503' title='bbox 2026 1807 2173 1859; x_wconf 86' lang='lat' dir='ltr'><strong>genus</strong></span> <span class='ocrx_word' id='word_1_504' title='bbox 2194 1796 2241 1843; x_wconf 89' lang='lat' dir='ltr'><strong>ii.</strong></span> <span class='ocrx_word' id='word_1_505' title='bbox 2274 1799 2357 1843; x_wconf 84' lang='grc'><strong>37.</strong></span> <span class='ocrx_word' id='word_1_506' title='bbox 2392 1812 2443 1844; x_wconf 71' lang='grc' dir='ltr'><strong>ιι.</strong></span> 
     </span>
     <span class='ocr_line' id='line_1_88' title="bbox 1453 1860 2443 1923; baseline 0.002 -16"><span class='ocrx_word' id='word_1_507' title='bbox 1453 1862 1689 1908; x_wconf 79' lang='lat' dir='ltr'><strong>dicterium</strong></span> <span class='ocrx_word' id='word_1_508' title='bbox 1723 1860 1774 1908; x_wconf 90' lang='grc' dir='ltr'><strong>1ιι</strong></span> <span class='ocrx_word' id='word_1_509' title='bbox 1809 1860 2001 1910; x_wconf 87' lang='lat' dir='ltr'><strong>Graecos</strong></span> <span class='ocrx_word' id='word_1_510' title='bbox 2030 1861 2081 1909; x_wconf 89' lang='lat' dir='ltr'><strong>ii.</strong></span> <span class='ocrx_word' id='word_1_511' title='bbox 2118 1864 2194 1909; x_wconf 90' lang='grc'><strong>18.</strong></span> <span class='ocrx_word' id='word_1_512' title='bbox 2220 1861 2443 1923; x_wconf 88' lang='lat' dir='ltr'><strong>judicium</strong></span> 
     </span>
     <span class='ocr_line' id='line_1_89' title="bbox 1455 1925 2446 1989; baseline 0.001 -15"><span class='ocrx_word' id='word_1_513' title='bbox 1455 1926 1513 1974; x_wconf 90' lang='lat' dir='ltr'><strong>de</strong></span> <span class='ocrx_word' id='word_1_514' title='bbox 1544 1926 1733 1987; x_wconf 88' lang='lat' dir='ltr'><strong>publicis</strong></span> <span class='ocrx_word' id='word_1_515' title='bbox 1774 1925 2003 1989; x_wconf 63' lang='lat' dir='ltr'><strong>Olympiae</strong></span> <span class='ocrx_word' id='word_1_516' title='bbox 2044 1926 2361 1975; x_wconf 69' lang='lat' dir='ltr'><strong>certaminibus</strong></span> <span class='ocrx_word' id='word_1_517' title='bbox 2397 1926 2446 1975; x_wconf 89' lang='lat' dir='ltr'><strong>ii.</strong></span> 
     </span>
     <span class='ocr_line' id='line_1_90' title="bbox 1461 1991 2441 2054; baseline 0 -15"><span class='ocrx_word' id='word_1_518' title='bbox 1461 1994 1567 2039; x_wconf 90' lang='lat'><strong>160.</strong></span> <span class='ocrx_word' id='word_1_519' title='bbox 1588 1991 1721 2054; x_wconf 88' lang='lat' dir='ltr'><strong>primi</strong></span> <span class='ocrx_word' id='word_1_520' title='bbox 1751 1992 2134 2039; x_wconf 87' lang='lat' dir='ltr'><strong>immortalitatem</strong></span> <span class='ocrx_word' id='word_1_521' title='bbox 2170 1992 2335 2039; x_wconf 81' lang='lat' dir='ltr'><strong>animae</strong></span> <span class='ocrx_word' id='word_1_522' title='bbox 2366 2006 2441 2039; x_wconf 88' lang='lat' dir='ltr'><strong>as-</strong></span> 
     </span>
     <span class='ocr_line' id='line_1_91' title="bbox 1454 2057 2447 2119; baseline 0.002 -16"><span class='ocrx_word' id='word_1_523' title='bbox 1454 2064 1667 2104; x_wconf 72' lang='lat' dir='ltr'><strong>severant</strong></span> <span class='ocrx_word' id='word_1_524' title='bbox 1705 2057 1749 2103; x_wconf 92' lang='lat' dir='ltr'><strong>ii.</strong></span> <span class='ocrx_word' id='word_1_525' title='bbox 1798 2059 1907 2105; x_wconf 72' lang='lat'><strong>123.</strong></span> <span class='ocrx_word' id='word_1_526' title='bbox 1950 2058 2104 2119; x_wconf 81' lang='lat' dir='ltr'><strong>ignem</strong></span> <span class='ocrx_word' id='word_1_527' title='bbox 2138 2057 2302 2105; x_wconf 83' lang='lat' dir='ltr'><strong>animal</strong></span> <span class='ocrx_word' id='word_1_528' title='bbox 2344 2072 2447 2105; x_wconf 85' lang='lat' dir='ltr'><strong>esse</strong></span> 
     </span>
     <span class='ocr_line' id='line_1_92' title="bbox 1458 2122 2446 2183; baseline 0 -14"><span class='ocrx_word' id='word_1_529' title='bbox 1458 2128 1665 2169; x_wconf 86' lang='lat' dir='ltr'><strong>asserunt</strong></span> <span class='ocrx_word' id='word_1_530' title='bbox 1698 2122 1761 2169; x_wconf 88' lang='lat' dir='ltr'><strong>iii.</strong></span> <span class='ocrx_word' id='word_1_531' title='bbox 1802 2123 1880 2169; x_wconf 82' lang='lat'><strong>16.</strong></span> <span class='ocrx_word' id='word_1_532' title='bbox 1900 2123 2034 2183; x_wconf 83' lang='lat' dir='ltr'><strong>primi</strong></span> <span class='ocrx_word' id='word_1_533' title='bbox 2069 2136 2237 2169; x_wconf 88' lang='lat' dir='ltr'><strong>annum</strong></span> <span class='ocrx_word' id='word_1_534' title='bbox 2258 2123 2446 2171; x_wconf 74' lang='lat' dir='ltr'><strong>invene-</strong></span> 
     </span>
     <span class='ocr_line' id='line_1_93' title="bbox 1457 2187 2443 2234; baseline 0.001 -1"><span class='ocrx_word' id='word_1_535' title='bbox 1457 2193 1565 2233; x_wconf 88' lang='lat' dir='ltr'><strong>runt</strong></span> <span class='ocrx_word' id='word_1_536' title='bbox 1608 2194 1657 2233; x_wconf 89' lang='lat' dir='ltr'><strong>et</strong></span> <span class='ocrx_word' id='word_1_537' title='bbox 1696 2187 1744 2233; x_wconf 89' lang='lat' dir='ltr'><strong>in</strong></span> <span class='ocrx_word' id='word_1_538' title='bbox 1786 2200 1965 2233; x_wconf 86' lang='lat' dir='ltr'><strong>menses</strong></span> <span class='ocrx_word' id='word_1_539' title='bbox 2000 2200 2087 2233; x_wconf 69' lang='grc' dir='ltr'><strong>ιιι.</strong></span> <span class='ocrx_word' id='word_1_540' title='bbox 2122 2187 2443 2234; x_wconf 84' lang='lat' dir='ltr'><strong>distribuerunt</strong></span> 
     </span>
     <span class='ocr_line' id='line_1_94' title="bbox 1456 2250 2444 2312; baseline 0 -14"><span class='ocrx_word' id='word_1_541' title='bbox 1456 2250 1503 2298; x_wconf 86' lang='lat' dir='ltr'><strong>ii.</strong></span> <span class='ocrx_word' id='word_1_542' title='bbox 1522 2255 1571 2299; x_wconf 90' lang='grc'><strong>4.</strong></span> <span class='ocrx_word' id='word_1_543' title='bbox 1604 2266 1783 2297; x_wconf 84' lang='lat' dir='ltr'><strong>menses</strong></span> <span class='ocrx_word' id='word_1_544' title='bbox 1806 2251 1989 2312; x_wconf 87' lang='lat' dir='ltr'><strong>diesque</strong></span> <span class='ocrx_word' id='word_1_545' title='bbox 2009 2250 2217 2299; x_wconf 85' lang='lat' dir='ltr'><strong>Deorum</strong></span> <span class='ocrx_word' id='word_1_546' title='bbox 2249 2253 2444 2299; x_wconf 87' lang='lat' dir='ltr'><strong>nomini-</strong></span> 
     </span>
     <span class='ocr_line' id='line_1_95' title="bbox 1454 2315 2443 2379; baseline 0.001 -16"><span class='ocrx_word' id='word_1_547' title='bbox 1454 2316 1541 2363; x_wconf 86' lang='lat' dir='ltr'><strong>bus</strong></span> <span class='ocrx_word' id='word_1_548' title='bbox 1572 2316 1757 2379; x_wconf 80' lang='lat' dir='ltr'><strong>signant</strong></span> <span class='ocrx_word' id='word_1_549' title='bbox 1794 2316 1841 2362; x_wconf 89' lang='lat' dir='ltr'><strong>ii.</strong></span> <span class='ocrx_word' id='word_1_550' title='bbox 1880 2320 1961 2365; x_wconf 88' lang='grc'><strong>82.</strong></span> <span class='ocrx_word' id='word_1_551' title='bbox 2006 2332 2059 2363; x_wconf 76' lang='grc' dir='ltr'><strong>π.</strong></span> <span class='ocrx_word' id='word_1_552' title='bbox 2122 2315 2443 2377; x_wconf 82' lang='lat' dir='ltr'><strong>Prodigiorum</strong></span> 
     </span>
    </p>
   </div>
   <div class='ocr_carea' id='block_1_6' title="bbox 1444 2381 2441 2429">
    <p class='ocr_par' dir='ltr' id='par_1_26' title="bbox 1444 2381 2441 2429">
     <span class='ocr_line' id='line_1_96' title="bbox 1444 2381 2441 2429; baseline 0 -2"><span class='ocrx_word' id='word_1_553' title='bbox 1444 2381 1839 2428; x_wconf 83' lang='lat' dir='ltr'><strong>-observantissimi</strong></span> <span class='ocrx_word' id='word_1_554' title='bbox 1897 2382 1944 2427; x_wconf 90' lang='lat' dir='ltr'><strong>ii.</strong></span> <span class='ocrx_word' id='word_1_555' title='bbox 1989 2384 2069 2429; x_wconf 87' lang='grc'><strong>82.</strong></span> <span class='ocrx_word' id='word_1_556' title='bbox 2120 2382 2441 2429; x_wconf 79' lang='lat' dir='ltr'><strong>divinationem</strong></span> 
     </span>
    </p>
   </div>
   <div class='ocr_carea' id='block_1_7' title="bbox 1450 2446 2449 4447">
    <p class='ocr_par' dir='ltr' id='par_1_27' title="bbox 1452 2446 2441 2623">
     <span class='ocr_line' id='line_1_97' title="bbox 1458 2446 2441 2509; baseline 0 -15"><span class='ocrx_word' id='word_1_557' title='bbox 1458 2448 1593 2494; x_wconf 83' lang='lat' dir='ltr'><strong>certis</strong></span> <span class='ocrx_word' id='word_1_558' title='bbox 1630 2447 1713 2493; x_wconf 87' lang='lat' dir='ltr'><strong>diis</strong></span> <span class='ocrx_word' id='word_1_559' title='bbox 1750 2446 1953 2493; x_wconf 80' lang='lat' dir='ltr'><strong>tribuunt</strong></span> <span class='ocrx_word' id='word_1_560' title='bbox 1974 2446 2019 2491; x_wconf 88' lang='lat' dir='ltr'><strong>ii.</strong></span> <span class='ocrx_word' id='word_1_561' title='bbox 2066 2449 2145 2494; x_wconf 87' lang='grc'><strong>83.</strong></span> <span class='ocrx_word' id='word_1_562' title='bbox 2190 2446 2323 2509; x_wconf 85' lang='lat' dir='ltr'><strong>primi</strong></span> <span class='ocrx_word' id='word_1_563' title='bbox 2356 2447 2441 2495; x_wconf 87' lang='lat' dir='ltr'><strong>diis</strong></span> 
     </span>
     <span class='ocr_line' id='line_1_98' title="bbox 1454 2510 2441 2561; baseline 0.002 -2"><span class='ocrx_word' id='word_1_564' title='bbox 1454 2526 1555 2559; x_wconf 84' lang='lat' dir='ltr'><strong>aras</strong></span> <span class='ocrx_word' id='word_1_565' title='bbox 1575 2518 1624 2559; x_wconf 91' lang='lat' dir='ltr'><strong>et</strong></span> <span class='ocrx_word' id='word_1_566' title='bbox 1644 2510 1881 2561; x_wconf 81' lang='lat' dir='ltr'><strong>simulacra</strong></span> <span class='ocrx_word' id='word_1_567' title='bbox 1900 2518 1948 2558; x_wconf 86' lang='lat' dir='ltr'><strong>et</strong></span> <span class='ocrx_word' id='word_1_568' title='bbox 1982 2511 2163 2559; x_wconf 86' lang='lat' dir='ltr'><strong>delubra</strong></span> <span class='ocrx_word' id='word_1_569' title='bbox 2184 2516 2441 2561; x_wconf 71' lang='lat' dir='ltr'><strong>statuet-unt</strong></span> 
     </span>
     <span class='ocr_line' id='line_1_99' title="bbox 1452 2572 1968 2623; baseline 0 0"><span class='ocrx_word' id='word_1_570' title='bbox 1452 2577 1499 2623; x_wconf 89' lang='lat' dir='ltr'><strong>ii.</strong></span> <span class='ocrx_word' id='word_1_571' title='bbox 1522 2580 1571 2623; x_wconf 87' lang='grc'><strong>4.</strong></span> <span class='ocrx_word' id='word_1_572' title='bbox 1962 2572 1968 2575; x_wconf 71' lang='grc'><strong>’</strong></span> 
     </span>
    </p>

    <p class='ocr_par' dir='ltr' id='par_1_28' title="bbox 1450 2641 2447 4005">
     <span class='ocr_line' id='line_1_100' title="bbox 1516 2641 2447 2705; baseline 0.001 -17"><span class='ocrx_word' id='word_1_573' title='bbox 1516 2641 1729 2705; x_wconf 69' lang='lat' dir='ltr'><strong>AEgyptii</strong></span> <span class='ocrx_word' id='word_1_574' title='bbox 1772 2656 1905 2704; x_wconf 78' lang='lat' dir='ltr'><strong>supra</strong></span> <span class='ocrx_word' id='word_1_575' title='bbox 1942 2642 2128 2689; x_wconf 85' lang='lat' dir='ltr'><strong>modum</strong></span> <span class='ocrx_word' id='word_1_576' title='bbox 2164 2642 2363 2705; x_wconf 70' lang='lat' dir='ltr'><strong>religiosi</strong></span> <span class='ocrx_word' id='word_1_577' title='bbox 2396 2642 2447 2689; x_wconf 86' lang='lat' dir='ltr'><strong>ii.</strong></span> 
     </span>
     <span class='ocr_line' id='line_1_101' title="bbox 1450 2706 2444 2769; baseline 0.002 -16"><span class='ocrx_word' id='word_1_578' title='bbox 1450 2708 1536 2754; x_wconf 78' lang='lat'><strong>37.</strong></span> <span class='ocrx_word' id='word_1_579' title='bbox 1610 2706 1845 2755; x_wconf 81' lang='lat' dir='ltr'><strong>duodecim</strong></span> <span class='ocrx_word' id='word_1_580' title='bbox 1908 2707 2093 2754; x_wconf 84' lang='lat' dir='ltr'><strong>deorum</strong></span> <span class='ocrx_word' id='word_1_581' title='bbox 2140 2749 2145 2753; x_wconf 75' lang='lat'><strong>.</strong></span> <span class='ocrx_word' id='word_1_582' title='bbox 2172 2707 2444 2769; x_wconf 80' lang='lat' dir='ltr'><strong>cognomina</strong></span> 
     </span>
     <span class='ocr_line' id='line_1_102' title="bbox 1452 2772 2438 2835; baseline 0.001 -17"><span class='ocrx_word' id='word_1_583' title='bbox 1452 2772 1605 2835; x_wconf 82' lang='lat' dir='ltr'><strong>primi.</strong></span> <span class='ocrx_word' id='word_1_584' title='bbox 1636 2773 1684 2819; x_wconf 92' lang='lat' dir='ltr'><strong>in</strong></span> <span class='ocrx_word' id='word_1_585' title='bbox 1741 2787 1845 2819; x_wconf 85' lang='lat' dir='ltr'><strong>usu.</strong></span> <span class='ocrx_word' id='word_1_586' title='bbox 1873 2772 2124 2819; x_wconf 82' lang='lat' dir='ltr'><strong>habuerunt</strong></span> <span class='ocrx_word' id='word_1_587' title='bbox 2168 2772 2215 2819; x_wconf 91' lang='lat' dir='ltr'><strong>ii.</strong></span> <span class='ocrx_word' id='word_1_588' title='bbox 2249 2777 2297 2820; x_wconf 94' lang='lat'><strong>4.</strong></span> <span class='ocrx_word' id='word_1_589' title='bbox 2332 2778 2438 2819; x_wconf 85' lang='lat' dir='ltr'><strong>octo</strong></span> 
     </span>
     <span class='ocr_line' id='line_1_103' title="bbox 1456 2836 2443 2899; baseline 0.001 -15"><span class='ocrx_word' id='word_1_590' title='bbox 1456 2836 1642 2884; x_wconf 83' lang='lat' dir='ltr'><strong>deorum</strong></span> <span class='ocrx_word' id='word_1_591' title='bbox 1664 2837 1899 2899; x_wconf 85' lang='lat' dir='ltr'><strong>primores,</strong></span> <span class='ocrx_word' id='word_1_592' title='bbox 1932 2843 1981 2883; x_wconf 92' lang='lat' dir='ltr'><strong>et</strong></span> <span class='ocrx_word' id='word_1_593' title='bbox 2012 2837 2247 2885; x_wconf 83' lang='lat' dir='ltr'><strong>duodecim</strong></span> <span class='ocrx_word' id='word_1_594' title='bbox 2280 2852 2443 2895; x_wconf 76' lang='lat' dir='ltr'><strong>secun-</strong></span> 
     </span>
     <span class='ocr_line' id='line_1_104' title="bbox 1456 2902 2445 2966; baseline -0.001 -17"><span class='ocrx_word' id='word_1_595' title='bbox 1456 2903 1503 2949; x_wconf 85' lang='lat' dir='ltr'><strong>di</strong></span> <span class='ocrx_word' id='word_1_596' title='bbox 1544 2902 1761 2953; x_wconf 77' lang='lat' dir='ltr'><strong>nominati</strong></span> <span class='ocrx_word' id='word_1_597' title='bbox 1797 2902 1845 2948; x_wconf 92' lang='lat' dir='ltr'><strong>ii.</strong></span> <span class='ocrx_word' id='word_1_598' title='bbox 1893 2904 1999 2951; x_wconf 80' lang='grc'><strong><em>145.</em></strong></span> <span class='ocrx_word' id='word_1_599' title='bbox 2029 2909 2077 2950; x_wconf 85' lang='grc' dir='ltr'><strong>ιιι</strong></span> <span class='ocrx_word' id='word_1_600' title='bbox 2110 2918 2269 2951; x_wconf 87' lang='lat' dir='ltr'><strong>omnes</strong></span> <span class='ocrx_word' id='word_1_601' title='bbox 2304 2902 2445 2966; x_wconf 78' lang='lat' dir='ltr'><strong>longe</strong></span> 
     </span>
     <span class='ocr_line' id='line_1_105' title="bbox 1455 2966 2444 3028; baseline 0.002 -14"><span class='ocrx_word' id='word_1_602' title='bbox 1455 2967 1729 3028; x_wconf 78' lang='lat' dir='ltr'><strong>antiquiores</strong></span> <span class='ocrx_word' id='word_1_603' title='bbox 1774 2966 2061 3014; x_wconf 71' lang='lat' dir='ltr'><strong>Graecorutm</strong></span> <span class='ocrx_word' id='word_1_604' title='bbox 2088 2968 2173 3017; x_wconf 86' lang='lat' dir='ltr'><strong>diis</strong></span> <span class='ocrx_word' id='word_1_605' title='bbox 2230 2969 2279 3015; x_wconf 90' lang='lat' dir='ltr'><strong>ii.</strong></span> <span class='ocrx_word' id='word_1_606' title='bbox 2332 2970 2444 3017; x_wconf 70' lang='lat'><strong>146.</strong></span> 
     </span>
     <span class='ocr_line' id='line_1_106' title="bbox 1454 3030 2445 3081; baseline 0.002 -2"><span class='ocrx_word' id='word_1_607' title='bbox 1454 3030 1683 3079; x_wconf 87' lang='lat' dir='ltr'><strong>Deorum·</strong></span> <span class='ocrx_word' id='word_1_608' title='bbox 1725 3032 1877 3080; x_wconf 80' lang='lat' dir='ltr'><strong>omnia</strong></span> <span class='ocrx_word' id='word_1_609' title='bbox 1916 3031 2013 3080; x_wconf 81' lang='lat' dir='ltr'><strong>fere</strong></span> <span class='ocrx_word' id='word_1_610' title='bbox 2048 3034 2233 3081; x_wconf 82' lang='lat' dir='ltr'><strong>nomina</strong></span> <span class='ocrx_word' id='word_1_611' title='bbox 2290 3033 2347 3081; x_wconf 92' lang='lat' dir='ltr'><strong>ab</strong></span> <span class='ocrx_word' id='word_1_612' title='bbox 2388 3034 2445 3081; x_wconf 89' lang='lat' dir='ltr'><strong>iis</strong></span> 
     </span>
     <span class='ocr_line' id='line_1_107' title="bbox 1456 3097 2441 3161; baseline 0.002 -18"><span class='ocrx_word' id='word_1_613' title='bbox 1456 3097 1513 3143; x_wconf 88' lang='lat' dir='ltr'><strong>ad</strong></span> <span class='ocrx_word' id='word_1_614' title='bbox 1548 3097 1741 3145; x_wconf 61' lang='lat' dir='ltr'><strong>Graecos</strong></span> <span class='ocrx_word' id='word_1_615' title='bbox 1779 3106 2083 3161; x_wconf 80' lang='lat' dir='ltr'><strong>pervenerunt</strong></span> <span class='ocrx_word' id='word_1_616' title='bbox 2102 3099 2149 3145; x_wconf 91' lang='lat' dir='ltr'><strong>ii.</strong></span> <span class='ocrx_word' id='word_1_617' title='bbox 2183 3102 2264 3147; x_wconf 88' lang='grc'><strong>50.</strong></span> <span class='ocrx_word' id='word_1_618' title='bbox 2306 3098 2441 3153; x_wconf 81' lang='lat' dir='ltr'><strong>Quo-</strong></span> 
     </span>
     <span class='ocr_line' id='line_1_108' title="bbox 1456 3162 2444 3211; baseline 0.004 -4"><span class='ocrx_word' id='word_1_619' title='bbox 1456 3176 1555 3207; x_wconf 84' lang='lat' dir='ltr'><strong>rum</strong></span> <span class='ocrx_word' id='word_1_620' title='bbox 1578 3162 1763 3209; x_wconf 85' lang='lat' dir='ltr'><strong>deorum</strong></span> <span class='ocrx_word' id='word_1_621' title='bbox 1781 3162 1965 3209; x_wconf 81' lang='lat' dir='ltr'><strong>nomina</strong></span> <span class='ocrx_word' id='word_1_622' title='bbox 1978 3164 2180 3211; x_wconf 83' lang='lat' dir='ltr'><strong>nesciant</strong></span> <span class='ocrx_word' id='word_1_623' title='bbox 2194 3165 2444 3211; x_wconf 74' lang='lat' dir='ltr'><strong>ibidem.—</strong></span> 
     </span>
     <span class='ocr_line' id='line_1_109' title="bbox 1452 3226 2442 3291; baseline 0.002 -18"><span class='ocrx_word' id='word_1_624' title='bbox 1452 3226 1784 3289; x_wconf 81' lang='lat' dir='ltr'><strong>AEgyptiorum</strong></span> <span class='ocrx_word' id='word_1_625' title='bbox 1798 3228 1913 3274; x_wconf 84' lang='lat' dir='ltr'><strong>ritus</strong></span> <span class='ocrx_word' id='word_1_626' title='bbox 1936 3227 2130 3289; x_wconf 73' lang='lat' dir='ltr'><strong>religiosi</strong></span> <span class='ocrx_word' id='word_1_627' title='bbox 2150 3230 2198 3275; x_wconf 90' lang='lat' dir='ltr'><strong>ii.</strong></span> <span class='ocrx_word' id='word_1_628' title='bbox 2222 3232 2301 3275; x_wconf 72' lang='grc'><strong>08.</strong></span> <span class='ocrx_word' id='word_1_629' title='bbox 2316 3244 2442 3291; x_wconf 80' lang='lat' dir='ltr'><strong>seqq.</strong></span> 
     </span>
     <span class='ocr_line' id='line_1_110' title="bbox 1455 3292 2444 3342; baseline 0.001 -2"><span class='ocrx_word' id='word_1_630' title='bbox 1455 3298 1503 3340; x_wconf 82' lang='lat' dir='ltr'><strong>et</strong></span> <span class='ocrx_word' id='word_1_631' title='bbox 1544 3307 1584 3339; x_wconf 84' lang='lat' dir='ltr'><strong>c.</strong></span> <span class='ocrx_word' id='word_1_632' title='bbox 1628 3296 1707 3341; x_wconf 88' lang='grc'><strong>64.</strong></span> <span class='ocrx_word' id='word_1_633' title='bbox 1776 3292 2003 3339; x_wconf 83' lang='lat' dir='ltr'><strong>Sacrifieia</strong></span> <span class='ocrx_word' id='word_1_634' title='bbox 2034 3294 2082 3340; x_wconf 89' lang='lat' dir='ltr'><strong>ii.</strong></span> <span class='ocrx_word' id='word_1_635' title='bbox 2120 3296 2327 3342; x_wconf 70' lang='lat'><strong>39-41.</strong></span> <span class='ocrx_word' id='word_1_636' title='bbox 2354 3293 2444 3342; x_wconf 85' lang='lat' dir='ltr'><strong>illis</strong></span> 
     </span>
     <span class='ocr_line' id='line_1_111' title="bbox 1456 3354 2442 3420; baseline -0.002 -16"><span class='ocrx_word' id='word_1_637' title='bbox 1456 3357 1539 3405; x_wconf 89' lang='lat' dir='ltr'><strong>sub</strong></span> <span class='ocrx_word' id='word_1_638' title='bbox 1574 3354 1763 3419; x_wconf 80' lang='lat' dir='ltr'><strong>cheope</strong></span> <span class='ocrx_word' id='word_1_639' title='bbox 1782 3357 2021 3405; x_wconf 85' lang='lat' dir='ltr'><strong>interdicta</strong></span> <span class='ocrx_word' id='word_1_640' title='bbox 2056 3357 2105 3403; x_wconf 89' lang='lat' dir='ltr'><strong>ii.</strong></span> <span class='ocrx_word' id='word_1_641' title='bbox 2146 3361 2251 3409; x_wconf 82' lang='lat'><strong>124.</strong></span> <span class='ocrx_word' id='word_1_642' title='bbox 2273 3374 2301 3407; x_wconf 82' lang='lat' dir='ltr'><strong>a</strong></span> <span class='ocrx_word' id='word_1_643' title='bbox 2323 3358 2442 3420; x_wconf 87' lang='lat' dir='ltr'><strong>My-</strong></span> 
     </span>
     <span class='ocr_line' id='line_1_112' title="bbox 1457 3422 2440 3485; baseline 0.002 -16"><span class='ocrx_word' id='word_1_644' title='bbox 1457 3422 1609 3469; x_wconf 85' lang='lat' dir='ltr'><strong>cerino</strong></span> <span class='ocrx_word' id='word_1_645' title='bbox 1632 3422 1838 3469; x_wconf 80' lang='lat' dir='ltr'><strong>restituta</strong></span> <span class='ocrx_word' id='word_1_646' title='bbox 1858 3422 1905 3468; x_wconf 89' lang='lat' dir='ltr'><strong>ii.</strong></span> <span class='ocrx_word' id='word_1_647' title='bbox 1935 3426 2038 3471; x_wconf 88' lang='grc'><strong><em>129.</em></strong></span> <span class='ocrx_word' id='word_1_648' title='bbox 2096 3422 2285 3485; x_wconf 83' lang='lat' dir='ltr'><strong>Pompae</strong></span> <span class='ocrx_word' id='word_1_649' title='bbox 2298 3439 2440 3471; x_wconf 81' lang='lat' dir='ltr'><strong>sacrae</strong></span> 
     </span>
     <span class='ocr_line' id='line_1_113' title="bbox 1458 3486 2444 3537; baseline 0.002 -2"><span class='ocrx_word' id='word_1_650' title='bbox 1458 3494 1505 3535; x_wconf 82' lang='lat' dir='ltr'><strong>et</strong></span> <span class='ocrx_word' id='word_1_651' title='bbox 1546 3486 1663 3534; x_wconf 81' lang='lat' dir='ltr'><strong>festa</strong></span> <span class='ocrx_word' id='word_1_652' title='bbox 1702 3488 1749 3533; x_wconf 87' lang='lat' dir='ltr'><strong>ii.</strong></span> <span class='ocrx_word' id='word_1_653' title='bbox 1790 3487 2017 3536; x_wconf 73' lang='lat'><strong>58—64.</strong></span> <span class='ocrx_word' id='word_1_654' title='bbox 2040 3494 2088 3535; x_wconf 81' lang='lat' dir='ltr'><strong>et</strong></span> <span class='ocrx_word' id='word_1_655' title='bbox 2129 3504 2171 3536; x_wconf 83' lang='lat' dir='ltr'><strong>c.</strong></span> <span class='ocrx_word' id='word_1_656' title='bbox 2212 3492 2320 3537; x_wconf 82' lang='grc'><strong><em>122.</em></strong></span> <span class='ocrx_word' id='word_1_657' title='bbox 2359 3490 2444 3537; x_wconf 78' lang='lat' dir='ltr'><strong>ubs&#39;</strong></span> 
     </span>
     <span class='ocr_line' id='line_1_114' title="bbox 1457 3552 2441 3619; baseline 0.003 -19"><span class='ocrx_word' id='word_1_658' title='bbox 1457 3552 1781 3613; x_wconf 77' lang='lat' dir='ltr'><strong>Rhampsi‘niti</strong></span> <span class='ocrx_word' id='word_1_659' title='bbox 1838 3552 2083 3601; x_wconf 78' lang='lat' dir='ltr'><strong>descensus</strong></span> <span class='ocrx_word' id='word_1_660' title='bbox 2132 3555 2197 3601; x_wconf 78' lang='lat' dir='ltr'><strong>od</strong></span> <span class='ocrx_word' id='word_1_661' title='bbox 2248 3554 2441 3619; x_wconf 78' lang='lat' dir='ltr'><strong>inferos.</strong></span> 
     </span>
     <span class='ocr_line' id='line_1_115' title="bbox 1457 3617 2442 3682; baseline 0.002 -17"><span class='ocrx_word' id='word_1_662' title='bbox 1457 3618 1716 3665; x_wconf 83' lang='lat' dir='ltr'><strong>Bestiarum</strong></span> <span class='ocrx_word' id='word_1_663' title='bbox 1753 3617 1945 3665; x_wconf 85' lang='lat' dir='ltr'><strong>cultus</strong></span> <span class='ocrx_word' id='word_1_664' title='bbox 1932 3619 1980 3665; x_wconf 89' lang='grc'><strong>11.</strong></span> <span class='ocrx_word' id='word_1_665' title='bbox 2018 3624 2097 3667; x_wconf 93' lang='grc'><strong>65.</strong></span> <span class='ocrx_word' id='word_1_666' title='bbox 2116 3634 2239 3682; x_wconf 75' lang='lat' dir='ltr'><strong>seqq.</strong></span> <span class='ocrx_word' id='word_1_667' title='bbox 2260 3620 2442 3668; x_wconf 79' lang='lat' dir='ltr'><strong>oracula</strong></span> 
     </span>
     <span class='ocr_line' id='line_1_116' title="bbox 1458 3681 2441 3733; baseline 0.002 -4"><span class='ocrx_word' id='word_1_668' title='bbox 1458 3682 1507 3729; x_wconf 89' lang='lat' dir='ltr'><strong>ii.</strong></span> <span class='ocrx_word' id='word_1_669' title='bbox 1546 3687 1625 3731; x_wconf 87' lang='grc'><strong>83.</strong></span> <span class='ocrx_word' id='word_1_670' title='bbox 1659 3681 1899 3731; x_wconf 82' lang='lat' dir='ltr'><strong>Divinatio</strong></span> <span class='ocrx_word' id='word_1_671' title='bbox 1939 3696 1999 3731; x_wconf 86' lang='lat' dir='ltr'><strong>ex</strong></span> <span class='ocrx_word' id='word_1_672' title='bbox 2022 3684 2217 3733; x_wconf 79' lang='lat' dir='ltr'><strong>victimis</strong></span> <span class='ocrx_word' id='word_1_673' title='bbox 2253 3686 2308 3731; x_wconf 84' lang='lat' dir='ltr'><strong>ab</strong></span> <span class='ocrx_word' id='word_1_674' title='bbox 2348 3684 2441 3731; x_wconf 72' lang='grc' dir='ltr'><strong>Ε.-</strong></span> 
     </span>
     <span class='ocr_line' id='line_1_117' title="bbox 1458 3747 2441 3827; baseline 0.002 -34"><span class='ocrx_word' id='word_1_675' title='bbox 1458 3748 1630 3810; x_wconf 76' lang='lat' dir='ltr'><strong>gyptiis</strong></span> <span class='ocrx_word' id='word_1_676' title='bbox 1649 3747 1881 3827; x_wconf 66' lang='lat' dir='ltr'><strong>prosecta‘</strong></span> <span class='ocrx_word' id='word_1_677' title='bbox 1869 3748 1917 3795; x_wconf 90' lang='grc'><strong>11.</strong></span> <span class='ocrx_word' id='word_1_678' title='bbox 1954 3751 2035 3800; x_wconf 89' lang='grc'><strong>57.</strong></span> <span class='ocrx_word' id='word_1_679' title='bbox 2074 3749 2139 3811; x_wconf 65' lang='lat' dir='ltr'><em>ff</em></span> <span class='ocrx_word' id='word_1_680' title='bbox 2172 3764 2212 3795; x_wconf 88' lang='lat' dir='ltr'><strong>e.</strong></span> <span class='ocrx_word' id='word_1_681' title='bbox 2234 3750 2300 3796; x_wconf 87' lang='lat'><strong>54</strong></span> <span class='ocrx_word' id='word_1_682' title='bbox 2318 3763 2441 3811; x_wconf 75' lang='lat' dir='ltr'><strong>seqq.</strong></span> 
     </span>
     <span class='ocr_line' id='line_1_118' title="bbox 1458 3810 2446 3876; baseline 0.003 -18"><span class='ocrx_word' id='word_1_683' title='bbox 1458 3810 1687 3872; x_wconf 81' lang='lat' dir='ltr'><strong>Mysteria</strong></span> <span class='ocrx_word' id='word_1_684' title='bbox 1720 3814 1769 3859; x_wconf 88' lang='lat' dir='ltr'><strong>ii.</strong></span> <span class='ocrx_word' id='word_1_685' title='bbox 1802 3815 1906 3862; x_wconf 88' lang='grc'><strong><em>170.</em></strong></span> <span class='ocrx_word' id='word_1_686' title='bbox 1954 3817 2061 3863; x_wconf 91' lang='grc'><strong><em>171.</em></strong></span> <span class='ocrx_word' id='word_1_687' title='bbox 2122 3813 2383 3876; x_wconf 79' lang='lat' dir='ltr'><strong>AEgyptia</strong></span> <span class='ocrx_word' id='word_1_688' title='bbox 2369 3829 2446 3861; x_wconf 90' lang='grc' dir='ltr'><strong>ιιι-</strong></span> 
     </span>
     <span class='ocr_line' id='line_1_119' title="bbox 1460 3876 2446 3939; baseline 0.003 -15"><span class='ocrx_word' id='word_1_689' title='bbox 1460 3878 1619 3924; x_wconf 86' lang='lat' dir='ltr'><strong>stituta</strong></span> <span class='ocrx_word' id='word_1_690' title='bbox 1650 3883 1698 3926; x_wconf 89' lang='lat' dir='ltr'><strong>et</strong></span> <span class='ocrx_word' id='word_1_691' title='bbox 1735 3876 2037 3939; x_wconf 79' lang='lat' dir='ltr'><strong>Pythagorica</strong></span> <span class='ocrx_word' id='word_1_692' title='bbox 2075 3878 2319 3939; x_wconf 82' lang='lat' dir='ltr'><strong>eademque</strong></span> <span class='ocrx_word' id='word_1_693' title='bbox 2354 3878 2446 3927; x_wconf 88' lang='lat' dir='ltr'><strong>Or-</strong></span> 
     </span>
     <span class='ocr_line' id='line_1_120' title="bbox 1456 3941 2397 4005; baseline 0 -14"><span class='ocrx_word' id='word_1_694' title='bbox 1456 3943 1591 4005; x_wconf 82' lang='lat' dir='ltr'><strong>phica</strong></span> <span class='ocrx_word' id='word_1_695' title='bbox 1610 3949 1657 3989; x_wconf 89' lang='lat' dir='ltr'><strong>et</strong></span> <span class='ocrx_word' id='word_1_696' title='bbox 1678 3941 1905 3989; x_wconf 81' lang='lat' dir='ltr'><strong>Bacchica</strong></span> <span class='ocrx_word' id='word_1_697' title='bbox 1922 3943 2215 3991; x_wconf 84' lang='lat' dir='ltr'><strong>consentiunt</strong></span> <span class='ocrx_word' id='word_1_698' title='bbox 2249 3944 2296 3990; x_wconf 88' lang='lat' dir='ltr'><strong>ii.</strong></span> <span class='ocrx_word' id='word_1_699' title='bbox 2316 3948 2397 3992; x_wconf 89' lang='lat'><strong>81.</strong></span> 
     </span>
    </p>

    <p class='ocr_par' dir='ltr' id='par_1_29' title="bbox 1456 4007 2449 4396">
     <span class='ocr_line' id='line_1_121' title="bbox 1522 4007 2449 4070; baseline 0.003 -15"><span class='ocrx_word' id='word_1_700' title='bbox 1522 4007 1649 4055; x_wconf 82' lang='lat' dir='ltr'><strong>Ante</strong></span> <span class='ocrx_word' id='word_1_701' title='bbox 1659 4008 1865 4055; x_wconf 86' lang='lat' dir='ltr'><strong>homines</strong></span> <span class='ocrx_word' id='word_1_702' title='bbox 1879 4007 2137 4070; x_wconf 84' lang='lat' dir='ltr'><strong>inAEgypto</strong></span> <span class='ocrx_word' id='word_1_703' title='bbox 2152 4007 2211 4053; x_wconf 87' lang='lat' dir='ltr'><strong>dii</strong></span> <span class='ocrx_word' id='word_1_704' title='bbox 2230 4022 2449 4069; x_wconf 81' lang='lat' dir='ltr'><strong>regnave-</strong></span> 
     </span>
     <span class='ocr_line' id='line_1_122' title="bbox 1456 4071 2445 4136; baseline 0.003 -17"><span class='ocrx_word' id='word_1_705' title='bbox 1456 4072 1619 4119; x_wconf 82' lang='lat' dir='ltr'><strong>runtii.</strong></span> <span class='ocrx_word' id='word_1_706' title='bbox 1641 4073 1749 4121; x_wconf 88' lang='grc'><strong>144</strong></span> <span class='ocrx_word' id='word_1_707' title='bbox 1764 4071 2103 4136; x_wconf 79' lang='lat' dir='ltr'><strong>AEgyptiorum</strong></span> <span class='ocrx_word' id='word_1_708' title='bbox 2106 4086 2237 4135; x_wconf 78' lang='lat' dir='ltr'><strong>reges</strong></span> <span class='ocrx_word' id='word_1_709' title='bbox 2252 4088 2445 4123; x_wconf 82' lang='lat' dir='ltr'><strong>cccxxx.</strong></span> 
     </span>
     <span class='ocr_line' id='line_1_123' title="bbox 1464 4138 2447 4201; baseline 0.002 -16"><span class='ocrx_word' id='word_1_710' title='bbox 1464 4138 1513 4185; x_wconf 89' lang='lat' dir='ltr'><strong>ii.</strong></span> <span class='ocrx_word' id='word_1_711' title='bbox 1537 4142 1641 4186; x_wconf 90' lang='grc'><strong><em>100.</em></strong></span> <span class='ocrx_word' id='word_1_712' title='bbox 1664 4152 1858 4199; x_wconf 86' lang='lat' dir='ltr'><strong>quorum</strong></span> <span class='ocrx_word' id='word_1_713' title='bbox 1889 4138 2063 4201; x_wconf 86' lang='lat' dir='ltr'><strong>primus</strong></span> <span class='ocrx_word' id='word_1_714' title='bbox 2093 4138 2295 4186; x_wconf 83' lang='lat' dir='ltr'><strong>Menes&#39;</strong></span> <span class='ocrx_word' id='word_1_715' title='bbox 2284 4139 2329 4186; x_wconf 81' lang='grc'><strong>11.</strong></span> <span class='ocrx_word' id='word_1_716' title='bbox 2362 4145 2447 4189; x_wconf 88' lang='lat'><strong>99.</strong></span> 
     </span>
     <span class='ocr_line' id='line_1_124' title="bbox 1461 4202 2445 4267; baseline 0.002 -16"><span class='ocrx_word' id='word_1_717' title='bbox 1461 4202 1621 4267; x_wconf 80' lang='lat' dir='ltr'><strong>Reges</strong></span> <span class='ocrx_word' id='word_1_718' title='bbox 1639 4202 1854 4266; x_wconf 74' lang='lat' dir='ltr'><strong>praecipui</strong></span> <span class='ocrx_word' id='word_1_719' title='bbox 1873 4202 1919 4249; x_wconf 90' lang='lat' dir='ltr'><strong>ii.</strong></span> <span class='ocrx_word' id='word_1_720' title='bbox 1944 4207 2051 4251; x_wconf 89' lang='grc'><strong><em>101.</em></strong></span> <span class='ocrx_word' id='word_1_721' title='bbox 2075 4206 2183 4251; x_wconf 88' lang='grc'><strong><em>102.</em></strong></span> <span class='ocrx_word' id='word_1_722' title='bbox 2206 4206 2315 4251; x_wconf 89' lang='grc'><strong><em>111.</em></strong></span> <span class='ocrx_word' id='word_1_723' title='bbox 2336 4209 2445 4253; x_wconf 88' lang='grc'><strong><em>112.</em></strong></span> 
     </span>
     <span class='ocr_line' id='line_1_125' title="bbox 1467 4269 2440 4319; baseline 0.001 -3"><span class='ocrx_word' id='word_1_724' title='bbox 1467 4269 1575 4319; x_wconf 88' lang='grc'><strong><em>121.</em></strong></span> <span class='ocrx_word' id='word_1_725' title='bbox 1603 4272 1709 4317; x_wconf 81' lang='grc'><strong><em>124.</em></strong></span> <span class='ocrx_word' id='word_1_726' title='bbox 1748 4269 2005 4318; x_wconf 81' lang='grc'><strong><em>127..129.</em></strong></span> <span class='ocrx_word' id='word_1_727' title='bbox 2041 4270 2151 4317; x_wconf 84' lang='grc'><strong><em>186.</em></strong></span> <span class='ocrx_word' id='word_1_728' title='bbox 2184 4272 2305 4318; x_wconf 73' lang='grc'><strong><em>137-</em></strong></span> <span class='ocrx_word' id='word_1_729' title='bbox 2332 4272 2440 4317; x_wconf 86' lang='grc'><strong><em>141.</em></strong></span> 
     </span>
     <span class='ocr_line' id='line_1_126' title="bbox 1469 4336 2447 4396; baseline 0.007 -15"><span class='ocrx_word' id='word_1_730' title='bbox 1469 4337 1580 4386; x_wconf 86' lang='grc'><strong><em>147.</em></strong></span> <span class='ocrx_word' id='word_1_731' title='bbox 1617 4336 1724 4385; x_wconf 88' lang='grc'><strong><em>151.</em></strong></span> <span class='ocrx_word' id='word_1_732' title='bbox 1762 4336 1872 4383; x_wconf 81' lang='grc'><strong><em>158.</em></strong></span> <span class='ocrx_word' id='word_1_733' title='bbox 1907 4336 2021 4386; x_wconf 84' lang='grc'><strong><em>160.</em></strong></span> <span class='ocrx_word' id='word_1_734' title='bbox 2060 4338 2145 4383; x_wconf 89' lang='grc'><strong>161</strong></span> <span class='ocrx_word' id='word_1_735' title='bbox 2183 4348 2308 4396; x_wconf 76' lang='lat' dir='ltr'><strong>seqq.</strong></span> <span class='ocrx_word' id='word_1_736' title='bbox 2356 4338 2447 4388; x_wconf 74' lang='lat'><strong>172</strong></span> 
     </span>
    </p>

    <p class='ocr_par' dir='ltr' id='par_1_30' title="bbox 2206 4412 2260 4447">
     <span class='ocr_line' id='line_1_127' title="bbox 2206 4412 2260 4447; baseline 0 0"><span class='ocrx_word' id='word_1_737' title='bbox 2206 4412 2260 4447; x_wconf 78' lang='grc' dir='ltr'><strong>,ι</strong></span> 
     </span>
    </p>
   </div>
  </div>
 </body>
</html>
