2850 4792
411 187 483 231 48

417 314 559 361 Acies
591 312 941 361 Atheniensium
974 311 1022 357 in
1057 324 1211 374 pugna
1229 309 1470 359 Maratho-

487 379 564 427 nia
599 379 816 437 instructa
847 378 908 425 vi.
953 379 1060 423 111.
1104 376 1374 425 Graecorum
1411 375 1469 423 ad

478 444 673 492 Plataeas
693 443 756 488 ix.
795 446 1003 490 28—80.
1045 446 1093 488 et
1129 439 1368 489 Persarum
1413 440 1469 488 ad

486 508 683 556 Plataeas
704 509 766 552 ix.
789 509 870 554 31.

414 574 640 623 Acinaces
681 571 863 625 Martis,
901 571 973 619 cui
1017 569 1277 619 immolatur
1333 577 1467 633 quot-

484 637 613 685 annis
647 652 675 683 a
713 634 896 697 Scythis
950 637 1012 683 iv.
1034 636 1114 683 62.
1153 636 1379 683 acinacem
1418 637 1469 681 in
1514 659 1521 670 ·

481 702 668 749 calicem
729 700 838 747 vino
900 708 946 748 et
999 700 1220 762 sanguine
1281 700 1464 762 plenum

480 767 665 830 tingunt
709 764 894 825 scythae
935 766 982 812 in
1039 765 1210 813 foedere
1265 764 1464 812 ineundo

479 834 543 878 iv.
600 832 677 877 ’70-
740 831 944 882 acinaces
987 828 1201 879 Persicus
1253 828 1302 875 in
1347 829 1465 877 Hel-

478 896 732 958 lespontum
773 894 975 957 abjectus
1007 909 1036 945 ι
1077 894 1236 947 Xerxe
1276 894 1352 943 vii.
1381 898 1459 945 54.

419 960 661 1023 Acraephia
675 960 778 1007 urbs
798 961 890 1007 viii.
915 963 1021 1008 135.

413 1026 621 1075 Acrisius
642 1024 828 1072 Danaes
848 1032 977 1087 pater
999 1024 1064 1071 vi.
1087 1026 1171 1071 58.

415 1090 656 1153 Acropolis
703 1089 876 1138 Athen.
935 1102 964 1136 a
1011 1087 1166 1137 Persis
1203 1096 1465 1152 expugnata

481 1156 575 1201 viii.
602 1158 682 1202 5⁸2..
700 1156 779 1202 53.

419 1220 697 1274 Acrothoon,
716 1217 975 1279 Ἀκρόθωον,
1000 1218 1106 1265 urbs
1124 1218 1204 1265 vii.
1220 1220 1301 1266 22.

416 1284 602 1333 Aculeis
647 1284 900 1345 ¹jaculorum
943 1284 1136 1331 ahenum
1185 1282 1354 1331 factum
1399 1284 1462 1331 iv.

415 1414 634 1471 Adici-an,
655 1411 874 1459 Afrorum
903 1426 999 1467 rex,
1031 1425 1143 1474 agro
1173 1425 1200 1459 a
1225 1409 1463 1475 Cyrenaeis

477 1485 656 1532 exutus,
680 1478 838 1540 Apriae
859 1490 909 1523 se
929 1476 1052 1524 dedit
1070 1477 1133 1524 iv.
1163 1478 1252 1525 159

341 1592 346 1599 ,
413 1544 687 1594 Adimantus
708 1543 904 1597 Aristeae
925 1548 1052 1605 petet
1071 1542 1148 1597 vii.
1187 1545 1294 1595 137.

412 1606 684 1657 Adimantus
743 1607 883 1671 Ocyti
935 1606 1068 1660 filius,
1123 1602 1463 1655 Corinthiorum

477 1674 634 1721 classis
683 1672 792 1727 dux,
833 1672 988 1734 fugam
1026 1670 1174 1718 facere
1221 1672 1322 1719 vult
1372 1673 1468 1720 viii.

477 1742 526 1787 5.
565 1739 662 1801 ejus
699 1738 868 1785 dictum
903 1739 951 1784 in
978 1735 1332 1789 stemistoelem
1369 1738 1463 1784 viii.

479 1806 560 1857 59.
595 1802 836 1849 insolentia
856 1818 904 1850 er
937 1816 965 1849 a
993 1799 1348 1852 Themistoclem
1371 1803 1464 1849 viii.

479 1872 558 1915 61.
585 1883 636 1915 π.
669 1875 716 1913 et
737 1869 880 1926 turpis
921 1882 1011 1929 uga
1031 1867 1124 1913 viii.
1147 1868 1224 1913 94.

412 1932 638 1980 Admetus
655 1930 836 1980 Eumeli
861 1938 990 1995 pater
1019 1930 1088 1977 H.
1124 1932 1170 1977 2.

413 1997 650 2049 Montio,
693 1998 997 2057 προσκυνήσας,
1025 1994 1288 2043 mortalibus
1329 1996 1466 2043 dene-

477 2062 626 2125 ganda
649 2054 723 2105 'vii.
757 2060 863 2105 136.
896 2075 940 2104 η.

417 2126 641 2177 Adrastus
664 2123 836 2184 Phryx,
865 2122 1028 2176 Gor-dii
1047 2122 1130 2179 fil.,
1154 2138 1298 2189 nepos
1317 2122 1466 2173 Midae

475 2192 512 2239 i.
551 2192 630 2241 35.
674 2190 754 2237 45.
789 2187 940 2235 fratris
971 2189 1264 2251 interemptor
1294 2190 1404 2237 ibid.
1437 2206 1465 2237 a

486 2252 652 2303 Croeso
686 2254 892 2319 expiatus
928 2253 958 2299 i.
1013 2258 1091 2303 35.
1123 2255 1164 2301 ei
1214 2256 1463 2303 custodiam

481 2318 560 2371 filii
591 2320 658 2370 sui
682 2319 738 2367 ad
769 2318 1058 2367 venationem
1093 2320 1298 2369 exeuntis
1331 2336 1463 2367 man-

487 2384 564 2437 dat
598 2382 787 2436 Croesus
807 2384 837 2431 i.
860 2387 940 2434 41.
967 2380 1116 2442 Croesi
1151 2382 1290 2434 filium
1313 2392 1463 2433 trans-

477 2448 606 2505 fodit,
644 2464 800 2512 aprum
837 2448 998 2495 volens
1031 2448 1295 2513 transfigere
1315 2451 1345 2497 i.
1384 2454 1467 2501 45.

482 2530 583 2563 sese
617 2529 752 2577 super
777 2514 958 2561 bustum
983 2513 1121 2576 Atyis
1160 2513 1397 2562 transfodit
1433 2515 1464 2561 i.

416 2644 658 2703 Adrastus,
696 2640 827 2691 Talai
868 2642 998 2697 filius,
1038 2642 1249 2704 Sicyonis
1286 2659 1368 2692 rex
1415 2661 1463 2692 v.

481 2716 562 2763 67.
605 2718 732 2773 pater
765 2708 966 2769 AEgialei
1002 2724 1049 2755 v.
1119 2714 1198 2758 68.
1260 2710 1306 2759 in
1361 2726 1467 2760 eum

484 2774 732 2825 Clisthenis
772 2772 973 2835 Sicyonii
1015 2774 1167 2821 odium
1208 2789 1254 2820 v.
1299 2778 1381 2825 67.
1424 2774 1467 2822 ei

481 2842 677 2887 honores
713 2846 761 2886 et
802 2839 898 2886 dies
933 2836 1036 2885 festi
1069 2836 1224 2902 erepti,
1271 2848 1318 2887 et
1354 2840 1465 2887 Me-

467 2905 663 2968 lanippo
686 2904 841 2951 traditi
856 2904 970 2955 ibid.
1412 2904 1418 2911 ‘

420 2969 576 3025 Adria,
607 2974 626 3018 ὁ
663 2967 845 3029 Ἀδρίας,
882 2968 944 3013 iv.
981 2970 1061 3015 33.
1105 2982 1150 3017 v.
1198 2972 1241 3017 9·
1271 2983 1299 3017 8
1343 2968 1467 3017 Pho-

483 3034 733 3082 caeensibus
755 3039 963 3081 ostensus
985 3032 1014 3079 i.
1045 3037 1152 3085 163.

418 3098 769 3161 Adyrmachidae
808 3096 991 3159 Libyes.
1025 3096 1283 3161 AEgyptum
1308 3114 1468 3151 versus

484 3162 546 3211 iv.
578 3168 680 3211 168.
715 3178 871 3210 eorum
893 3178 1044 3211 mores
1075 3163 1185 3212 ibid.

419 3229 517 3284 AEa
539 3226 738 3285 Colchis,
762 3226 846 3279 Ala
866 3231 888 3283 ἡ
916 3227 1090 3297 Κολχὶς,
1114 3227 1146 3275 i.
1171 3233 1218 3277 2.
1245 3227 1320 3276 vii.
1362 3234 1472 3279 193.

419 3358 589 3407 AEaces
613 3356 868 3419 Sylosontis
906 3363 954 3404 et
974 3354 1230 3419 Polycratis
1259 3364 1386 3423 pater
1407 3358 1471 3411 iii.

485 3428 565 3473 39.
586 3431 633 3471 et
659 3428 764 3471 139.
785 3438 835 3469 η.
856 3422 919 3470 vi·
947 3424 1021 3469 13.

418 3488 588 3537 AEaces
607 3488 783 3535 Samius
801 3488 863 3533 iv.
887 3486 997 3534 138.

420 3552 610 3609 AEaces‚
633 3551 890 3613 Sylosontis
912 3548 974 3597 fil.
999 3550 1122 3597 Sami
1146 3560 1381 3613 tyrannus,
1414 3554 1472 3603 ab

484 3616 756 3681 Aristagora
795 3624 959 3663 exutus
1013 3618 1248 3678 tyrannide
1283 3618 1347 3665 vi.
1392 3622 1466 3666 13.

485 3682 666 3730 Samios
689 3682 745 3728 ad
787 3680 1081 3728 defectionem
1119 3695 1146 3728 a
1189 3681 1320 3729 sociis
1364 3684 1473 3730 soli-

475 3748 596 3803 citat
629 3748 742 3796 ibid.
813 3745 999 3794 Samum
1023 3746 1232 3793 reductus
1253 3747 1316 3793 vi.
1343 3750 1423 3797 25.

417 3810 626 3863 AEacidae
662 3812 718 3861 ab
750 3809 984 3877 AEginetis
1013 3808 1242 3859 Thebanis
1275 3812 1402 3859 missi
1423 3829 1471 3859 v.

483 3882 564 3929 80.
596 3893 624 3926 a
658 3877 839 3925 Graecis
875 3876 931 3925 ad
971 3874 1242 3926 Salaminem
1273 3877 1471 3929 invocati

484 3944 578 3991 viii.
601 3946 680 3993 64.

417 4008 593 4056 AEacus
625 4022 685 4056 ex
726 4006 902 4073 AEgins
941 4006 1206 4071 progenitor
1248 4004 1471 4056 Miltiadis

415 4123 422 4133 ἱ
484 4076 558 4119 τοῦ
595 4074 780 4119 κτίστου
802 4072 865 4119 vi.
887 4076 967 4120 35.
1000 4072 1041 4120 ei
1064 4070 1282 4135 templum
1319 4072 1471 4120 Athe-

484 4137 556 4183 nis
576 4137 625 4183 in
646 4136 746 4183 foro
768 4143 1047 4185 exstructum
1071 4152 1116 4184 v.
1141 4141 1220 4187 89.

417 4200 566 4249 AEdes
586 4200 783 4249 Veneris
815 4202 862 4247 in
899 4199 1054 4267 Cypro
1089 4202 1208 4251 unde
1239 4209 1471 4255 exstructa

484 4266 518 4313 i.
551 4269 660 4315 105.
690 4266 918 4316 Minervae
940 4267 1033 4313 viii.
1057 4270 1136 4315 39.
1202 4264 1348 4317 AEdes
1368 4266 1468 4314 Ve-

486 4330 583 4375 neri
625 4328 841 4392 Hospitae
882 4331 1000 4378 intra
1045 4328 1200 4380 Protei
1237 4332 1469 4382 delubrum

484 4393 691 4456 Memphi
727 4403 987 4443 consecrata
1022 4396 1068 4444 ii.
1118 4399 1224 4445 112.
1274 4396 1470 4446 Vulcani

1193 179 1424 229 INDEX
1468 177 1725 231 RERUM

1602 310 1649 357 ii.
1696 312 1804 358 110.
1842 309 2024 357 deorum
2068 317 2116 357 et
2151 310 2383 357 hominum
2416 309 2582 373 ligneae

1604 376 1666 421 iv.
1736 379 1841 422 108.
1878 375 2065 423 fulmine
2118 378 2369 438 absumptae
2396 376 2457 422 iv.
2499 378 2527 425 7
2532 379 2579 423 9.

1600 441 1693 487 vid.
1717 438 1979 501 Templum.
2622 440 2643 459 ‘

1539 502 1738 553 AEdificii
1758 512 1997 561 structura,
2020 506 2067 551 in
2088 522 2179 567 quo
2213 505 2421 569 repositae
2452 511 2583 551 erant

1602 570 1743 631 regiae
1784 571 1987 630 pecuniae
2030 571 2076 617 ii.
2122 574 2233 617 121.
2271 570 2485 617 AEdiflcio
2522 584 2582 615 ex

1600 635 1709 685 urbe
1742 634 2045 697 Elephantina
2078 634 2303 683 afferendo
2342 636 2582 682 triennium

1600 707 1915 763 consumptum
1954 700 1998 747 ii.
2032 701 2139 750 175.
2160 707 2207 747 et
2228 702 2325 763 ejus
2358 715 2417 747 ex
2438 700 2583 746 solido

1601 779 1712 811 saxo
1757 765 1995 827 descriptio
2040 766 2150 812 ibid.
2193 772 2241 813 et
2280 780 2375 826 seq.
2419 764 2586 811 AEdifi-

1598 829 1716 876 cium
1762 830 1991 881 Zalmoxis
2026 830 2361 879 subterraneum
2398 831 2459 878 iv.
2501 833 2583 883 95.

1599 892 1811 943 AEdiflcia
1842 896 2047 945 humanis
2083 896 2288 957 operibus
2330 895 2498 959 majora
2540 894 2587 940 ii.

1607 962 1710 1007 148.
1732 962 1823 1007 vid.
1857 958 2056 1007 Domus.

1539 1021 1685 1083 AEga,
1706 1027 1827 1081 Αἰγὴ,
1850 1025 1954 1073 urbs
1976 1024 2051 1071 vii.
2088 1027 2199 1071 123.

1534 1087 1693 1150 AEgae.
1726 1089 1869 1161 Aigoel,
1896 1102 1969 1136 .ex
2005 1089 2201 1151 partibus
2238 1089 2512 1136 Achaeorum
2552 1088 2583 1132 i.

1534 1216 1728 1279 AEgaeae,
1770 1218 1951 1274 Αἰγαῖαι,
1990 1218 2147 1265 civitas
2186 1218 2367 1266 AEolum
2406 1220 2437 1265 ἰ.
2476 1221 2582 1266 140.

1594 1283 1691 1329 vid.
1713 1283 1821 1329 adn.
1843 1298 1888 1343 p.
1918 1287 2024 1331 157.

1533 1346 1751 1409 AEgaeum
1797 1361 1933 1402 mare,
1968 1350 2019 1395 τὸ
2054 1352 2223 1408 Αἰγαῖον
2264 1350 2473 1405 πέλαγος,
2518 1350 2580 1394 iv.

1600 1415 1679 1459 85.

1535 1474 1757 1539 AEgaleus
1790 1491 1923 1523 mons
1957 1480 2003 1525 in
2042 1480 2209 1533 Attica,
2244 1478 2362 1526 unde
2400 1478 2583 1525 Xerxes

1600 1540 1802 1589 navalem
1824 1556 2025 1608 pugnam
2046 1546 2273 1607 spectabat
2303 1544 2399 1589 viii.
2420 1548 2503 1597 90.
2532 1558 2582 1589 n.

1536 1600 1715 1667 AEgeus
1749 1604 1994 1657 Pandionis
2027 1609 2144 1657 filius
2182 1607 2363 1671 Lycum
2398 1606 2581 1655 fratrem

1600 1670 1795 1717 Athenis
1814 1672 1941 1733 pellit
1958 1673 1987 1724 i.
2018 1678 2125 1725 173.

1535 1736 1729 1797 AEgeus,
1753 1734 1934 1797 Ololyci
1964 1738 2025 1785 fil.
2048 1755 2075 1786 a
2094 1755 2185 1803 quo
2206 1738 2393 1800 AEgidae
2418 1752 2582 1785 nomen

1599 1802 1761 1847 habent
1782 1801 1841 1847 iv.
1873 1805 1981 1849 149.

1535 1864 1841 1927 AEgialenses.
1868 1867 2006 1915 tribus
2043 1868 2270 1931 Sicyonia,
2308 1868 2364 1915 ab
2394 1868 2579 1931 AEgialo

1598 1930 1785 1977 Adrasti
1805 1930 1897 1978 filio
1919 1934 2135 1981 nominati
2158 1950 2204 1980 v.
2228 1936 2307 1980 68.

1535 1994 1771 2057 AEgialees
1813 1994 2011 2061 Pelasgi,
2061 1998 2287 2056 Πελασγοὶ
2339 1995 2579 2055 Αἶγιιλίες,

1600 2060 1843 2115 litterales,
1864 2063 1944 2109 vii.
1969 2067 2047 2111 94.

1536 2124 1779 2187 AEgicores
1801 2124 1927 2174 Ionis
1946 2126 2066 2175 filius
2098 2142 2145 2173 v.
2170 2127 2249 2173 66.

1536 2188 1722 2253 AEgfdae
1756 2190 1803 2235 in
1844 2192 2008 2254 Sparta
2041 2193 2207 2257 ingens
2241 2192 2399 2244 tribus,
2430 2206 2458 2237 a
2492 2205 2580 2255 quo

1600 2254 1719 2303 dicta
1738 2254 1800 2301 iv.
1828 2261 1931 2304 149.
1955 2273 2009 2305 n.
2242 2292 2245 2297 -
2517 2258 2523 2263 ’

1536 2316 1709 2383 AEgila,
1735 2320 1831 2367 sive
1869 2321 2053 2384 Augila,
2088 2322 2215 2370 locus
2248 2320 2304 2369 ad
2326 2335 2457 2383 quem
2484 2318 2579 2366 Na-

1601 2398 1807 2431 samones
1829 2387 2017 2435 veniunt
2039 2393 2088 2433 ut
2108 2386 2327 2449 palmulas
2348 2386 2579 2447 decerpant

1599 2450 1663 2495 iv.
1688 2450 1794 2498 172.
1818 2454 1924 2498 18³2.

1538 2512 1743 2577 AEgilea‚
1785 2514 1997 2574 Αἰγίλιια,
2038 2516 2305 2577 Styreorum
2341 2514 2487 2563 insula
2519 2514 2575 2559 vi.

1539 2644 1728 2707 AEgilia,
1750 2644 1932 2700 Αἷγίλια,
1972 2645 2088 2692 circa
2110 2642 2336 2693 Eretriam
2374 2644 2433 2691 vi.
2474 2646 2577 2692 101.

1604 2710 1672 2773 qs:
1693 2711 1758 2756 ad
1778 2708 1872 2755 viii.
1895 2714 1975 2770 90,
2000 2714 2079 2756 20.
2100 2719 2199 2758 not.

1539 2774 1714 2837 AEgina
1732 2780 1779 2821 et
1799 2772 1971 2831 Thebe,
1992 2790 2183 2830 sorores,
2219 2774 2326 2823 filiae
2361 2773 2505 2837 Asopi
2533 2788 2579 2819 v.

1539 2902 1715 2967 AEgina
1746 2904 1833 2950 ins.
1856 2904 1963 2951 olim
1999 2904 2185 2951 OEnone
2206 2904 2341 2957 dicta,
2377 2904 2469 2951 viii.
2503 2903 2582 2951 46.

1602 2968 1827 3031 refugium
1868 2966 1955 3025 fuit
1996 2970 2350 3017 Atheniensibus
2380 2970 2429 3016 in
2468 2969 2583 3017 bello

1604 3034 1791 3082 Medico
1811 3034 1905 3081 viii.
1937 3036 2018 3079 41.
2162 3076 2168 3083 ,

1540 3098 1821 3154 AEomsrAE,
1860 3112 1919 3147 ex
1960 3098 2196 3161 Epidauro
2234 3099 2321 3146 orti
2358 3098 2453 3147 viii.
2503 3098 2584 3147 46.

1604 3164 1862 3227 Epidauriis
1894 3164 2117 3226 quondam
2152 3164 2314 3211 subditi
2338 3180 2383 3211 v.
2407 3168 2486 3211 83.
2508 3178 2586 3210 cur

1607 3230 1769 3278 Samiis
1800 3228 1963 3276 infensi
1983 3228 2047 3276 iii.
2080 3230 2161 3278 59.
2194 3239 2244 3277 et
2262 3229 2490 3290 quomodo
2510 3244 2589 3277 eos

1605 3294 1863 3342 mulctarint
1882 3295 1996 3341 ibid.

1669 3358 1992 3420 AEginetarum
2040 3358 2089 3405 in
2139 3358 2445 3409 Athenienses
2492 3358 2581 3405 odii

1605 3424 1874 3488 principium
1900 3441 1941 3471 v.
1976 3427 2039 3472 802
2060 3432 2104 3473 et
2126 3439 2246 3487 seqq.
2282 3425 2358 3471 Ab
2382 3424 2439 3470 iis
2452 3424 2589 3479 illatoe

1608 3490 1963 3537 Atheniensibus
1998 3489 2257 3553 injuriae—vi.
2294 3492 2355 3538 87
2386 3505 2509 3551 seqq.
2534 3490 2590 3536 ah

1609 3554 1961 3603 Atheniensibus
2003 3554 2158 3616 praelio
2194 3554 2342 3604 navali
2384 3555 2491 3602 victi
2529 3554 2593 3601 vi.

1607 3622 1685 3671 92⁸1
1751 3618 1927 3667 Eorum
1948 3619 2172 3681 piaculum
2207 3620 2506 3666 maxImorurn
2527 3620 2593 3667 eis

1607 3685 1829 3733 malorum
1860 3699 1995 3731 causa
2015 3684 2077 3732 vi.
2116 3685 2450 3732 {lle—Statuas
2472 3684 2590 3749 Epi-

1608 3748 1775 3797 dauriis
1797 3757 1947 3813 raptas
1978 3750 2037 3797 ab
2074 3748 2310 3811 AEginetis
2332 3748 2591 3797 Athenien·

1605 3830 1676 3863 ses
1697 3822 1909 3877 repetunt
1929 3830 1973 3861 v.
1998 3814 2077 3862 84.

1670 3880 1749 3927 Ab
1772 3878 2005 3941 AEginetis
2040 3876 2250 3927 Thebani
2273 3893 2411 3941 opem
2434 3886 2594 3943 petunt

1609 3944 1715 3993 adv.
1740 3942 2043 3991 Athenienses
2064 3958 2109 3991 v.
2134 3948 2213 3992 80.
2236 3943 2315 3989 81.

1670 4008 1909 4071 AEginetae
1947 4016 2111 4057 terram
2166 4014 2214 4055 et
2262 4022 2429 4071 aquam
2484 4006 2597 4057 dant

1606 4072 1753 4131 Dario
1766 4072 1829 4125 vi.
1842 4077 1921 4124 49.
1936 4073 2055 4123 unde
2066 4072 2264 4121 infensos
2278 4073 2443 4121 habent
2456 4074 2600 4121 Athe-

1606 4141 1785 4187 nienses
1800 4146 1845 4187 et
1866 4139 1985 4201 apud
2008 4138 2256 4203 Spartanos
2275 4138 2597 4187 insimulantur

1606 4205 1667 4251 vi.
1712 4208 1793 4253 49.
1836 4212 2081 4265 contraque
2120 4205 2217 4267 eJus
2259 4204 2323 4250 rei
2389 4212 2597 4251 auctores

1608 4269 1801 4320 mittitur
1834 4266 2104 4319 Cleomenes
2138 4269 2201 4315 vi.
2236 4272 2316 4317 50.
2365 4267 2595 4315 Primores

1609 4335 1808 4397 ipsorum
1831 4332 2186 4387 Atheniensibus
2219 4334 2385 4382 dantur
2422 4332 2597 4381 obsides

1608 4400 1668 4447 vl.
1710 4399 1788 4448 73.
1816 4415 1930 4462 quos
1965 4407 2122 4463 postea
2153 4400 2370 4463 temporis
2406 4398 2596 4447 reddere
