2850 4792
415 192 480 244 66

423 314 903 373 Garumnam,
928 319 1101 383 origine
1122 316 1380 377 Phoenices,
1402 321 1469 383 iii.

490 384 564 431 19.
587 392 633 430 et
655 382 896 431 Phoenices
916 384 972 431 ab
994 384 1230 433 Herodoto
1251 386 1469 435 nominati

485 444 534 493 ii.
559 452 636 495 32.
670 448 732 494 iv.
773 451 874 497 197.
911 450 990 495 vii.
1025 452 1129 497 165.
1156 452 1240 515 (qfi
1264 454 1372 499 adn.
1405 452 1469 497 ad

431 528 438 537 ·
488 512 565 557 vii.
595 512 724 569 167.)
747 528 849 559 cum
883 512 1234 563 Phocaeensibus
1266 516 1322 563 de
1347 514 1466 565 Cor-

489 575 583 623 sica
613 576 777 623 bellum
813 578 972 627 navale
1001 594 1169 641 gerunt
1201 582 1232 628 i.
1269 585 1379 629 166.
1413 580 1469 627 iis

488 640 588 687 vult
639 640 806 688 bellum
861 642 1027 690 inferre
1081 642 1346 707 Cambyses,
1389 646 1468 693 sed

485 705 654 753 omittit
673 706 737 753 iii.
763 709 836 757 17.
859 711 936 755 19.
960 708 1126 756 Siciliae
1157 712 1323 759 ballum
1355 710 1473 758 infe-

487 776 610 823 runt,
643 770 871 827 Amilcare
902 772 1016 821 duce
1047 774 1122 819 vii.
1167 778 1254 825 165
1276 791 1366 838 seq.
1389 791 1470 823 co-

487 833 589 881 lunt
610 834 850 898 imaginem
875 838 1118 885 Amilcaris
1139 840 1216 887 vii.
1248 842 1353 889 167.

407 894 961 966 ''Carthagofxecexncidvz
988 903 1049 949 iii.
1079 908 1147 952 19.
1176 924 1182 931 ·

423 960 662 1025 Carystus,
703 968 808 1013 urbs
849 966 1044 1015 Euboeae
1084 969 1146 1017 iv.
1179 974 1261 1019 38.
1295 968 1476 1017 obsessa

487 1028 551 1075 vi.
573 1033 652 1077 99.

427 1090 626 1154 Carystii
649 1110 698 1142 se
718 1094 887 1144 dedunt
921 1095 1073 1145 Persis
1105 1100 1216 1157 ibid.
1237 1099 1475 1163 pecuniam

489 1158 596 1206 dant
618 1157 914 1209 Themistocli
935 1165 1135 1227 exigenti
1150 1165 1245 1212 viii.
1273 1167 1376 1213 112.
1395 1179 1477 1211 eo-

487 1238 589 1271 rum
621 1222 732 1287 a‘ger
751 1242 780 1273 a
801 1227 978 1275 Graecis
1010 1238 1212 1277 vastatur
1241 1230 1335 1277 viii.
1363 1232 1491 1285 121..

489 1295 650 1336 contra
671 1289 842 1338 Athen.
863 1290 1028 1339 Bellum
1051 1302 1219 1357 gerunt
1238 1295 1300 1341 ix.
1329 1297 1439 1341 105.

427 1351 694 1413 Casambus,
712 1356 1003 1405 Aristocratis
1023 1358 1100 1414 fii„
1123 1358 1477 1407 Atheniensibus

489 1419 679 1468 traditus
699 1421 756 1467 ab
775 1421 1010 1485 AEginetis
1031 1425 1092 1471 vi.
1112 1426 1192 1473 75.

427 1481 561 1531 Casia
603 1484 651 1529 in
695 1485 866 1534 Arabia
907 1489 1132 1549 quomodo
1175 1496 1385 1538 nascatur
1426 1495 1475 1537 et

487 1556 684 1597 metatur
705 1550 768 1597 iii.
794 1554 901 1599 110.

425 1610 604 1671 Casius,
641 1615 820 1664 Arabiae
849 1632 984 1665 mons
1005 1618 1061 1665 ad
1085 1619 1376 1668 Serbonidem
1407 1620 1475 1667 la·

487 1680 896 1794 zurpkgEgyrgum
918 1698 946 1731 a
969 1682 1101 1745 Syria
1125 1685 1406 1733 disterminat
1425 1684 1476 1731 ii.

523 1774 537 1789 .
663 1780 676 1793 .
699 1761 759 1793 iu.
821 1782 831 1791 .

429 1806 672 1867 Camena,
695 1826 796 1874 opp.
823 1811 989 1861 Siciliae
1008 1814 1086 1863 vii.
1118 1816 1224 1863 155.

427 1871 725 1934 Caspatyrus‚
770 1877 876 1924 urbs
919 1876 1149 1941 Pactyicae
1181 1879 1380 1943 regionis
1410 1878 1499 1926 iii.-

495 1941 600 1985 102.
627 1939 688 1987 iv.
709 1944 792 1989 44.

429 2000 582 2063 Caspii
604 2004 667 2049 iii.
691 2008 770 2053 92.
795 2008 874 2054 93.
895 2022 1050 2053 eorum
1081 2016 1308 2057 armatura
1327 2007 1373 2054 in
1395 2022 1477 2055 ex·

491 2068 631 2144 ercitu
668 2068 840 2116 Xerxis
870 2071 948 2119 vii.
980 2074 1060 2121 67.
1105 2088 1262 2121 eorum
1305 2074 1478 2135 equites

429 2136 794 2257 enixiuffmare
815 2199 876 2248 iv.
896 2204 976 2249 40.
995 2202 1028 2249 i.
1053 2205 1164 2250 202.
1187 2208 1299 2253 203.

388 2278 395 2291 ’
426 2258 744 2377 βαέεαῖιᾶέξιοέ
761 2263 874 2327 Cyri
895 2282 1028 2327 uxor,
1057 2275 1204 2315 mater
1235 2268 1476 2331 Cambyais

358 2437 366 2447 ,
425 2342 724 2479 Οαιειὲἰῑέτῖἕὲε
744 2364 1085 2493 ἱΟῐιευῙωῖηυηᾶεμ
1095 2405 1322 2457 stannum,
1357 2420 1474 2449 me-

429 2478 665 2581 03:535,
685 2460 809 2574 {gig
811 2468 1218 2591 tugrubnn.11{;:;npoe
1261 2528 1475 2577 Parnassi

487 2594 720 2642 cacumine
740 2593 834 2641 viii.
855 2597 934 2641 59.
1272 2630 1282 2639 .

427 2656 718 2719 Casthanaen,
765 2673 868 2721 opp.
923 2658 1182 2721 Magnesiae
1223 2660 1316 2706 viii.
1365 2662 1475 2706 183.

382 2822 400 2834 -.
429 2728 666 2839 Calstgogiset
699 2785 880 2844 Pollux,
915 2735 1190 2850 Tyndaridae
1221 2788 1268 2835 ii.
1291 2791 1371 2837 43.
1393 2788 1479 2834 ho-

493 2852 628 2915 spitio
649 2854 822 2916 excepti
845 2855 900 2901 ab
922 2852 1216 2917 Euphorione
1235 2854 1298 2899 vi.
1323 2856 1433 2902 127.

330 2943 335 2950 ·
429 2916 644 2969 Castores
675 2920 722 2965 in
754 2934 844 2980 quo
874 2919 976 2965 lacu
1007 2918 1240 2981 capiantur
1270 2918 1330 2964 iv.
1369 2921 1478 2966 109.

471 2978 651 3030 'eorum
669 2984 862 3030 testiculi
878 2983 935 3031 ad
949 2992 1176 3031 uterorum
1199 2982 1477 3031 curationem

494 3047 629 3095 utiles
650 3050 763 3097 ibid.
956 3091 958 3093 ,

434 3109 598 3162 Castra
617 3110 882 3175 Tyriorum,
913 3118 1068 3172 Τυρίων
1088 3112 1388 3179 στρατόπεδον,
1409 3112 1480 3159 1ο-

495 3192 577 3225 cus
599 3177 664 3225 sic
685 3180 832 3227 dictus
851 3180 900 3227 in
920 3177 1132 3240 AEgypto
1151 3179 1198 3225 ii.
1225 3180 1335 3225 112.

433 3238 610 3296 Castra.
631 3246 916 3303 Στρατοπὲδα,
940 3258 1104 3291 nomen
1126 3242 1213 3305 loci
1231 3239 1418 3289 Ionibus
1434 3247 1483 3289 et

495 3306 687 3385 Cat-ihus
709 3310 766 3356 ad
786 3308 1071 3357 habitandum
1087 3309 1134 3356 in
1153 3307 1366 3371 AEgypto
1389 3306 1482 3355 dati

402 3478 407 3489 ,
433 3376 676 3499 Caltladlugpt·
689 3436 886 3500 AEgypti
907 3437 954 3485 ii.
982 3440 1054 3485 17.
1436 3472 1449 3479 ,

433 3500 719 3551 catarracten
770 3502 932 3565 amnis,
987 3502 1228 3551 Maeandro
1279 3518 1378 3565 par,
1432 3502 1480 3551 in

497 3564 704 3627 Phrygia
722 3566 800 3613 vii.
823 3568 904 3615 26.

350 3661 354 3673 ,
433 3628 604 3680 Catiari
626 3637 673 3678 et
693 3628 920 3695 Traspies,
955 3630 1224 3692 Scytharum
1247 3646 1394 3695 genus
1415 3632 1481 3682 iv.

430 3700 562 3811 cai}
583 3760 793 3816 Euboeae,
817 3758 880 3811 w*
901 3761 1046 3810 Κοῖλα
1067 3760 1144 3817 τῆς
1165 3760 1362 3823 Εὖβοίης»
1385 3761 1479 3812 viii.

431 3830 666 3969 Critiasus
693 3906 828 3943 mons
847 3890 878 3938 i.
904 3892 1012 3938 104.
1045 3892 1157 3939 203.
1179 3893 1292 3939 204.
1313 3890 1376 3939 iii.
1395 3894 1477 3947 97.

359 4012 365 4018 ’
431 3961 672 4069 &Ui-022
695 4018 940 4083 Pyliipop.
959 4019 992 4067 i.
1017 4022 1124 4068 147.
1145 4021 1206 4069 iv.
1237 4023 1345 4069 us,

429 4082 634 4141 munus,
660 4084 810 4135 Cariae
832 4086 948 4136 urbs.
971 4084 1028 4131 ab
1049 4082 1274 4152 Has-pago
1293 4093 1426 4150 capta
1447 4086 1477 4133 i.

493 4153 605 4199 176.
618 4150 682 4199 ad
703 4148 844 4198 Iones
863 4148 1013 4197 deficit
1033 4166 1079 4199 v.
1107 4154 1215 4201 103.

557 4212 740 4273 Caunii,
761 4230 1008 4277 eorumque
1021 4230 1185 4279 genus
1205 4225 1253 4265 et
1273 4230 1424 4266 mores
1444 4216 1477 4264 i.

429 4281 734 4397 Cahffihbius,
757 4342 950 4391 Aristeae
970 4350 1098 4406 pater
1117 4346 1182 4392 iv.
1211 4349 1280 4393 13.

1245 188 1473 245 mnas.
1506 166 1763 261 anans}

1536 320 1791 385 Caystrius,
1815 318 1865 369 fl.
1886 316 2055 381 Lydiae
2076 334 2122 366 v.
2151 322 2261 369 100.

1535 386 1857 435 Cebreniorum
1880 388 2011 448 origo
2034 386 2103 433 H.
2124 387 2207 433 20.

1535 450 1736 515 Cecrops
1779 467 1861 500 rex
1902 452 1995 499 viii.
2038 454 2116 498 44.
2155 448 2277 495 unde
2322 442 2593 508 Cecropidae

1592 518 1701 565 dicti
1722 517 2027 565 Athenienses
2046 516 2157 566 ibid.

1535 580 1752 637 Celaenae,
1800 582 2021 643 Phrygiae
2072 580 2193 638 urbs,
2240 578 2315 627 nbi
2358 573 2587 625 Maeandri

1596 646 1747 695 fontes
1766 647 1846 693 vii.
1869 650 1949 695 26.

1536 708 1717 771 Celeas,
1738 712 1888 759 socius
1909 710 2071 757 Dorici
2091 726 2137 757 v.
2158 709 2241 756 46.

1538 774 1686 827 Celtae
1716 792 1823 839 pop.
1852 778 1901 823 ii.
1934 781 2013 825 33.
2057 774 2257 821 omnium
2303 770 2513 833 extremi·
2537 769 2589 815 in

1602 841 1789 903 Europa
1808 842 1863 888 ad
1886 841 1995 888 solis
2012 853 2221 887 occasum
2244 838 2307 887 iv.
2330 842 2411 884 49.
2430 852 2481 884 u.

1540 904 1739 957 Centum
1760 906 1996 969 appellata
2016 905 2177 953 insulae
2192 913 2203 931 ⁸
2216 906 2384 953 Εκατόν
2408 904 2543 953 mm.
2554 899 2589 946 i.

1539 1034 1677 1090 ceos,
1711 1038 1825 1093 Κίος,
1857 1036 2005 1083 insula
2034 1033 2153 1081 haud
2184 1033 2325 1094 longe
2356 1027 2413 1077 ab
2432 1028 2593 1075 Attica

1603 1103 1690 1149 sita
1718 1101 1812 1147 viii.
1846 1102 1925 1151 76.
1960 1100 2105 1162 patria
2138 1096 2385 1145 Simonidis
2406 1112 2451 1142 v.
2476 1096 2588 1141 102.

1604 1164 1774 1223 —Cei‚
1810 1167 1939 1221 Κεῖοι,
1973 1165 2065 1211 viii.
2097 1170 2143 1211 l.
2159 1164 2244 1211 ⁴16.
2268 1162 2403 1215 Κηΐοι,
2424 1160 2489 1205 ἰν.
2508 1159 2590 1205 35.

1603 1247 1651 1278 v.
1679 1232 1783 1279 102.
1810 1228 1997 1276 Ionicus
2016 1229 2207 1291 populus
2223 1225 2418 1273 Athenis
2434 1223 2593 1270 oriun-

1604 1296 1689 1343 dus
1718 1294 1813 1341 viii.
1845 1296 1927 1342 46.
1968 1292 2167 1342 Ceorum
2214 1290 2499 1339 coenaculum
2540 1289 2593 1334 in

1603 1360 1729 1408 Delo
1748 1360 1809 1407 iv.
1832 1361 1911 1407 35.

1539 1422 1833 1487 Cephallenia
1870 1424 2019 1471 insula
2048 1424 2113 1471 ix.
2150 1426 2229 1471 28.
2264 1436 2293 1469 a
2323 1418 2595 1467 Palensibus

1601 1492 1795 1537 habitata
1814 1490 1928 1548 ibid,

1540 1554 1781 1618 Cephenes
1801 1555 1927 1613 olim,
1952 1553 2031 1614 qui
2052 1552 2207 1601 Persae
2230 1552 2305 1599 vii.
2332 1551 2414 1598 61.
2572 1607 2581 1618 .

1542 1619 1767 1683 Cepheus,
1791 1618 2100 1666 Andromeda
2120 1626 2249 1679 pater
2271 1616 2345 1665 vii.
2368 1615 2453 1661 61.
2480 1616 2587 1661 150.

1539 1684 1767 1747 Cepheus,
1790 1684 1894 1731 Beli
1914 1683 1975 1730 fil.
2002 1684 2079 1731 vii.
2102 1688 2183 1732 61.
2516 1688 2523 1702 ’

1539 1749 1799 1813 Cephissus,
1821 1747 1989 1811 Thyiae
2010 1756 2135 1811 pater
2155 1747 2234 1795 vii.
2262 1748 2375 1795 178.

1540 1814 1803 1879 cephissus,
1826 1814 1973 1861 amnis
1996 1814 2209 1861 Phocidis
2230 1812 2323 1860 viii.
2346 1813 2426 1857 38.

1540 1879 1802 1929 Ceramicus
1822 1880 1951 1926 sinus
1970 1879 2004 1925 i.
2028 1884 2137 1927 174.
2238 1885 2243 1889 ”

1540 1944 1855 1996 Cercasorum.
1903 1947 2199 2009 Κερκάσωρον,
2223 1938 2419 2003 AEgypti
2452 1938 2589 1996 ιιι-1ης

1604 2012 1658 2059 ad
1680 2026 1780 2058 eam
1802 2009 2022 2056 scinditur
2043 2007 2181 2057 Nilus
2203 2008 2249 2054 ii.
2276 2012 2349 2055 15.
2383 2008 2455 2053 17.
2476 2006 2557 2053 97.

1542 2073 1771 2137 Cercopes
1793 2073 1989 2121 Homeri
2011 2074 2081 2121 H.
2105 2078 2185 2121 24.

1540 2140 1795 2203 Cercopum
1818 2138 1961 2191 sedes,
1980 2136 2211 2198 Κερκώπων
2230 2138 2362 2199 ἕδραι,
2379 2134 2461 2181 vii.
2477 2134 2589 2181 216.

1415 2238 1426 2251 .
1496 2210 1500 2214 ’
1540 2204 1717 2259 Canas,
1741 2204 2020 2265 AEgyptiace
2051 2200 2142 2248 Isis
2164 2202 2211 2247 ii.
2232 2206 2311 2248 59.
2342 2202 2452 2249 156.
2483 2211 2587 2244 cum

1604 2268 1771 2319 Cerere
1791 2270 1889 2315 alea
1918 2267 2035 2315 ludit
2064 2264 2410 2328 Rhampsinitus
2442 2276 2523 2309 rex
2544 2262 2590 2309 ii.

1603 2338 1711 2383 122.
1772 2332 1919 2382 Ceres
1967 2339 2017 2379 et
2066 2330 2293 2381 Bacchus.
2343 2327 2590 2375 inferorum

1598 2399 1821 2462 principes
1840 2399 1888 2445 ii.
1928 2400 2039 2445 123.
2073 2394 2255 2445 Cereris
2286 2394 2445 2441 matris
2477 2400 2591 2439 tem-

1599 2466 1724 2527 plum
1745 2464 1793 2509 in
1818 2463 2005 2523 Scythia
2024 2462 2085 2509 iv.
2122 2465 2197 2509 53.
2234 2458 2417 2509 Cereris
2448 2457 2589 2505 Eleu·

1603 2530 1733 2577 siniae
1765 2527 1983 2590 templum
2018 2527 2083 2573 ix.
2108 2531 2187 2575 62.
2210 2528 2291 2573 97.
2319 2527 2428 2572 101.
2451 2530 2498 2569 et
2518 2522 2589 2567 lu-

1600 2610 1683 2642 cus
1714 2594 1778 2640 ix.
1812 2594 1893 2641 65.
1937 2590 2331 2653 Amphictyonidis
2373 2586 2588 2650 templum

1602 2660 1680 2706 vii.
1704 2661 1817 2705 ⁴200.
1852 2656 2054 2703 Achaeiae
2086 2655 2305 2717 templum
2328 2661 2375 2701 et
2396 2653 2527 2713 orgia
2547 2667 2589 2697 v.

1603 2728 1682 2772 61.
1708 2721 1889 2771 Cereris
1920 2720 2122 2784 legiferae
2154 2734 2282 2767 sacra
2302 2732 2396 2765 non
2418 2731 2591 2764 memo-

1604 2788 1757 2843 randa,
1790 2785 2162 2847 Thesmophoria
2182 2785 2229 2830 ii.
2272 2782 2477 2834 r71..vi.
2514 2784 2589 2828 16.

1605 2855 1667 2917 qfi
1689 2869 1726 2900 c.
1759 2857 1865 2899 184.
1900 2848 2083 2899 Cereris
2114 2857 2163 2897 et
2195 2847 2486 2911 Proserpinae
2517 2861 2591 2893 so-

1602 2918 1769 2977 lemnia
1790 2916 1882 2963 viii.
1904 2918 1984 2964 65.

1543 2982 1787 3032 Certamen
1820 2980 2047 3043 singulare
2068 2977 2265 3027 Echemi
2287 2976 2590 3041 Tegeatarum

1606 3049 1728 3111 regis
1742 3062 1845 3095 cum
1865 3044 2013 3107 Hyllo
2028 3036 2461 3107 Peloponnesiorum
2480 3042 2590 3088 duce

1604 3114 1669 3161 ix.
1692 3117 1771 3160 26.
1794 3118 2021 3159 certamen
2044 3124 2146 3155 ecc.
2166 3109 2457 3171 Argivorum
2488 3121 2589 3153 cam

1606 3178 1795 3225 totidem
1831 3174 2152 3239 Spartanorum
2185 3174 2215 3221 i.
2252 3178 2332 3221 82.
2364 3180 2589 3235 certamen

1607 3244 1837 3305 singulare
1868 3240 2032 3304 triplex
2063 3241 2183 3286 inter
2213 3237 2411 3287 Paeones
2434 3245 2481 3285 et
2501 3234 2589 3283 Pe-

1606 3308 1797 3355 rinthios
1839 3322 1883 3354 v.
1936 3312 1977 3354 l.
2020 3316 2247 3351 certcmen
2290 3302 2524 3366 singulare
2562 3316 2589 3348 a

1605 3372 1851 3421 Mardonio
1874 3370 2105 3433 Spartanis
2125 3370 2407 3433 propositum
2428 3367 2491 3414 ix.
2515 3370 2589 3415 48.

1544 3436 1933 3551 cgixfflxpssa
1952 3498 2066 3547 nulli
2082 3498 2146 3546 iv.
2173 3503 2286 3547 192.

1544 3565 1837 3615 Chalcedonii
1861 3566 1941 3629 (ab
1963 3565 2199 3614 Herodoto
2221 3565 2533 3624 nominantur
2550 3568 2589 3614 oi

1604 3633 1911 3696 Καλχηδόνι,
1946 3643 2039 3677 uno
2070 3634 2261 3675 tantum
2290 3628 2388 3676 loco
2408 3634 2451 3679 οἱ
2469 3641 2587 3679 Χαλ-

1604 3698 1777 3749 κηδὸνιοι
1810 3695 1874 3743 vi.
1918 3699 1998 3743 33.
2028 3694 2108 3740 ubi
2141 3694 2240 3741 vid.
2282 3694 2403 3742 ναν.
2436 3692 2588 3750 Led.)

1606 3760 1716 3809 eaeci
1750 3776 1779 3807 a
1810 3759 2075 3823 Megabazo
2118 3758 2225 3806 dicti
2266 3758 2331 3806 iv.
2384 3761 2492 3807 144.
2533 3757 2591 3805 ab

1606 3826 1757 3876 Otane
1777 3826 1895 3889 capti
1916 3841 1960 3871 v.
1980 3828 2063 3873 26.

1671 3890 1965 3940 Chalcedonii
1996 3890 2044 3936 in
2078 3886 2293 3935 ulteriore
2314 3886 2459 3935 litore
2490 3883 2588 3948 By-

1607 3956 1748 4004 zantii
1770 3956 1833 4004 vi.
1854 3959 1936 4005 33.
1958 3954 2231 4003 vetustiores
2261 3950 2509 4016 Byzantiis
2526 3953 2589 4000 iv.

1541 4084 1863 4136 Chalcidenses
1883 4098 2009 4131 oram
2031 4080 2233 4129 Atticam
2252 4082 2527 4145 populantur
2546 4095 2589 4129 ν.

1604 4155 1685 4201 ⁸14.
1700 4158 1936 4198 vastantur
1954 4148 2023 4201 ,ab
2053 4146 2409 4195 Atheniensibus
2440 4163 2485 4194 v.
2508 4148 2587 4195 77.

1604 4212 1859 4279 Olynthum
1890 4214 2098 4261 obtinent
2131 4212 2225 4259 viii.
2258 4214 2339 4259 27.
2370 4212 2429 4258 iis
2460 4224 2590 4273 opem

1535 4311 1546 4324 ›
1600 4280 1757 4330 ferunt
1778 4279 1965 4327 Milesii.
1982 4293 2027 4326 ν.
2046 4282 2127 4327 99.
2141 4276 2193 4325 in
2204 4275 2306 4327 acio
2320 4276 2592 4327 (ἔπεσσι-ω·

1602 4346 1659 4394 ad
1682 4346 1879 4393 Plataeas
1900 4345 1961 4391 ix.
1982 4344 2065 4393 28.
