2850 4792
1109 636 1657 725 INDEX

663 892 1055 968 RERUM
1108 892 1249 968 ET
1301 895 2048 974 PERSONARUM

823 1110 920 1159 AB
953 1110 1346 1179 HERODOTO
1385 1111 1968 1161 MEMORATARUM.

1299 1432 1365 1497 A

277 1574 468 1641 ABAE.
517 1590 622 1638 urbs
667 1590 975 1641 Phocensium
1017 1595 1052 1641 i.
1099 1598 1180 1644 46.
1230 1595 1322 1641 viii.

345 1661 424 1705 27.
465 1664 509 1703 et
554 1660 653 1704 134.
695 1657 768 1705 ubi
810 1667 906 1706 erat
939 1659 1166 1721 Apollinis
1198 1660 1324 1708 delu-

339 1726 469 1771 brum
501 1721 702 1784 locuples
760 1722 854 1769 viii.
892 1728 970 1771 83.
1015 1724 1182 1772 ibidem
1229 1726 1323 1773 red-

341 1790 432 1836 dita
476 1788 669 1843 oracula,
731 1785 960 1835 Herodoti
1006 1790 1141 1837 etiam
1189 1799 1324 1839 aetate

337 1855 432 1901 viii.
456 1855 532 1899 53.
557 1870 608 1900 n.
866 1862 870 1866 “

273 1919 476 1968 Abantes
518 1932 576 1965 ex
608 1916 783 1965 Euboea
817 1916 989 1964 oriundi
1021 1917 1053 1965 i.
1093 1922 1201 1967 146.

273 1984 440 2033 Abarin
470 1982 692 2029 ferebatur
723 1982 863 2029 fuisse
901 1981 1228 2045 Hyperboreus
1259 1985 1321 2031 iv.

335 2054 416 2097 86.
457 2064 508 2095 n.
549 2048 606 2093 de
639 2062 694 2094 eo
727 2055 774 2094 et
817 2049 914 2109 ejus
947 2047 1113 2111 sagitta
1170 2049 1320 2097 fabula

337 2115 449 2161 ibid.

273 2178 464 2237 Abdera,
497 2178 556 2224 vi.
591 2180 672 2223 46.
713 2176 791 2223 vii.
838 2180 945 2225 109.
981 2178 1091 2225 126.
1133 2193 1161 2226 a
1192 2178 1318 2227 Teiis

337 2242 516 2291 condita
570 2242 617 2287 in
654 2238 850 2288 Thracia
890 2242 924 2288 i.
986 2244 1089 2291 168·
1123 2259 1174 2289 π.
1221 2245 1319 2305 ejus

335 2309 458 2357 urbis
495 2307 610 2353 situs
657 2306 750 2352 viii.
803 2310 1076 2353 120.—eam
1129 2306 1316 2355 Xerxes

333 2371 632 2437 praeterit'vii.
677 2376 784 2425 109.

401 2436 664 2483 Abderitae:
705 2452 808 2483 cum
842 2437 897 2483 iis
919 2435 1102 2483 Xerxes
1135 2437 1316 2499 hospitii

333 2500 482 2549 foedus
514 2501 610 2556 init,
645 2508 692 2547 et
725 2502 905 2547 acinace
943 2516 1080 2549 aureo
1111 2516 1165 2549 ac
1203 2504 1314 2551 tiara

333 2582 412 2614 eos
436 2567 574 2613 donat
597 2567 689 2612 viii.
704 2572 715 2611 1
730 2571 810 2613 20.
830 2582 883 2613 τι.

279 2631 560 2679 Abrocomes
593 2640 640 2677 et
674 2630 1016 2692 Hyper-anthes,
1049 2628 1184 2677 Darii
1213 2630 1311 2691 filii,

341 2696 516 2743 Xerxis
547 2694 720 2751 fratres,
755 2711 887 2757 super
919 2696 1108 2743 cadaver
1139 2694 1310 2743 Leoni-

336 2760 407 2808 dae
427 2762 701 2808 occumbunt
722 2762 799 2807 vii.
823 2762 935 2806 224.

267 2826 586 2887 Αδτοηγεὴυε,
639 2825 946 2879 Atheniensis,
997 2824 1115 2871 filius
1163 2823 1306 2885 Lysi-

335 2890 430 2947 clis‚
464 2890 716 2953 speculator
763 2891 882 2953 apud
930 2890 1183 2937 Leonidam
1215 2890 1308 2938 viii.

271 3019 501 3068 Absinthii
522 3020 582 3069 vi.
608 3024 684 3068 34.
707 3019 796 3066 vicl.
817 3018 1064 3081 Apsinthii.
1182 3066 1189 3073 Χ

269 3086 478 3146 Abydus,
536 3100 626 3131 una
671 3084 847 3130 urbium
895 3084 941 3131 in
996 3084 1308 3145 Hellesponto

331 3166 379 3197 v.
403 3154 508 3199 117.
525 3150 600 3198 vii.
631 3154 710 3199 33.
727 3154 804 3195 34.
824 3151 929 3197 174.
953 3150 1100 3197 vIcina
1123 3148 1308 3197 Darda·

325 3228 392 3262 no
414 3214 489 3263 vii.
515 3219 594 3261 43.
618 3222 796 3278 pontea
817 3214 981 3262 Xerxe
998 3215 1210 3277 jungitur
1229 3215 1306 3263 vii.

266 3344 480 3407 Abydeni
514 3344 666 3391 sedem
724 3326 974 3391 sublimem⁰
1013 3359 1070 3391 ex
1118 3343 1308 3393 candido

331 3424 552 3456 marmore
585 3408 732 3455 Xerxi
763 3416 1004 3456 exstruunt
1025 3410 1102 3456 vii.
1123 3413 1204 3457 44.

269 3475 510 3523 Acanthus
531 3475 634 3520 urbs
656 3474 717 3521 vi.
739 3478 820 3520 44.

267 3540 519 3588 Acanthius
551 3539 730 3600 hospitii
743 3540 850 3601 jure
881 3546 930 3586 et
963 3538 1149 3587 Medica
1179 3548 1308 3589 veste

329 3604 467 3652 donat
489 3602 673 3650 Xerxes
695 3604 770 3650 vii.
801 3604 907 3651 116.

264 3669 596 3717 Acanthiorum
619 3684 742 3715 mare
764 3669 842 3715 vii.
870 3673 949 3717 22.
975 3668 988 3679 ‘

263 3736 477 3782 Acarnan
489 3734 606 3797 fuit
643 3732 883 3796 Megistias
919 3740 1044 3781 vates
1077 3732 1156 3779 vii.
1193 3736 1307 3781 221.

328 3800 374 3845 4.
399 3800 611 3845 Acarnan
645 3814 698 3845 ea·
719 3799 910 3859 vulgata
928 3800 1030 3846 lect.
1053 3798 1083 3844 i.
1105 3798 1184 3851 62,
1234 3800 1304 3845 17.

327 3863 626 3925 Amphilytus
658 3864 937 3927 fatidicus.-
995 3864 1076 3911 ubi
1122 3862 1306 3925 quidem

327 3926 636 3975 Acharnensis
677 3930 862 3977 videtur
903 3930 1047 3976 scribi
1086 3928 1306 3974 debuisse.

325 3994 422 4040 Sed
439 4000 483 4040 et
507 3994 778 4051 Leucadius
812 3994 1035 4057 (adeoque
1059 3992 1310 4053 Acarnan)

327 4055 680 4121 Hippomachus
700 4064 987 4105 memoratur
1007 4059 1069 4103 ix.
1096 4062 1176 4111 88,
1201 4063 1248 4105 4.

261 4120 525 4169 Acarnania
557 4123 608 4170 ii.
650 4126 724 4171 10.
784 4124 960 4190 Vct-apt
988 4122 1147 4187 feraoe
1161 4140 1179 4168 .·
1214 4122 1309 4169 vid.

326 4189 441 4233 adn.
464 4190 527 4233 ad
549 4187 577 4235 i.
604 4192 684 4235 62.
719 4192 794 4236 17.

257 4254 509 4308 Acbatana,
529 4254 636 4300 vide
657 4254 828 4315 Agbat.

261 4317 496 4378 Accipiter
549 4319 666 4365 inter
707 4320 957 4365 animantes
1003 4330 1150 4364 sacras
1195 4316 1312 4379 apud

325 4381 576 4446 AEgyptios
612 4383 658 4429 ii.
693 4384 775 4432 65.
825 4398 930 4431 eum
960 4383 1038 4445 qui
1087 4382 1313 4431 necaverit

1454 1599 1603 1641 morte
1642 1594 1887 1641 mulctatur
1914 1594 2026 1641 ibid.
2048 1602 2095 1643 et
2129 1610 2179 1642 n.
2203 1593 2301 1643 Eas
2327 1610 2441 1646 aves

1456 1659 1503 1704 in
1526 1660 1679 1707 urbem
1711 1658 1871 1707 Butun
1902 1667 2133 1721 asportant
2163 1662 2437 1723 sepeliendas

1399 1732 1402 1737 ·
1454 1722 1500 1769 ii.
1521 1726 1601 1773 67.

1518 1788 1801 1851 Accipitrum
1818 1789 1941 1851 paria
1960 1796 2149 1851 septem,
2173 1804 2305 1837 omen
2328 1800 2437 1839 sunt

1456 1860 1629 1914 septem
1656 1854 1801 1901 Persis
1822 1854 1884 1900 iii.
1907 1854 1986 1904 76.

1389 1915 1620 1979 Acephali,
1644 1921 1685 1963 ot
1716 1920 1945 1979 ἁκέφαλὸι,
1967 1919 2014 1965 in
2050 1917 2209 1967 Africa
2229 1920 2438 1970 homines

1452 1982 1499 2027 in
1534 1984 1789 2041 pectoribus
1810 1983 1965 2030 oculos
1987 1984 2153 2031 habent
2183 1984 2248 2030 iv.
2292 1991 2401 2039 191.

1389 2045 1631 2104 Aceratus,
1670 2048 1887 2110 propheta
1918 2048 1966 2094 in
1998 2050 2167 2111 templo
2200 2048 2429 2114 Delphico

1451 2111 1544 2159 viii.
1567 2116 1647 2162 87.

1386 2176 1509 2223 Aces
1538 2176 1704 2239 fluvius
1726 2176 1789 2223 iii.
1831 2176 1948 2225 117.
1978 2178 2099 2225 unde
2130 2178 2301 2226 oriatur
2322 2180 2431 2227 ibid.

1387 2240 1680 2295 Achaeorum,
1705 2241 1780 2302 qui
1805 2239 1941 2288 Iones
1974 2258 2002 2289 e
2034 2243 2213 2290 sedibus
2241 2246 2433 2293 suisex-

1441 2316 1646 2367 egerunt,
1670 2312 1818 2367 partes
1844 2306 2079 2353 duodecim
2102 2307 2132 2353 i.
2161 2308 2272 2356 145.
2322 2358 2329 2367 ,

1383 2370 1546 2417 Achaei
1572 2369 1801 2417 Phthiotae
1834 2371 2122 2433 suppeditant
2154 2370 2304 2421 Xerxi
2336 2380 2429 2422 ter·-

1450 2442 1615 2481 restres
1657 2435 1807 2497 copias
1842 2436 1918 2482 vii.
1968 2438 2075 2483 1:3‘2.
2108 2452 2159 2483 n.
2208 2447 2431 2501 prytaneo

1446 2498 1691 2547 excludunt
1749 2499 2039 2547 Athamantis
2101 2509 2309 2565 posteros
2350 2504 2431 2552 vii.
2510 2546 2523 2559 ,

1379 2568 1585 2709 Aci-gei&
1630 2626 1811 2677 Cereris
1860 2629 2077 2691 templum
2120 2637 2168 2678 et
2210 2634 2339 2696 orgia
2382 2650 2430 2683 v.

1378 2696 1696 2813 Achssmenes,
1728 2756 1861 2805 Darii
1898 2756 2016 2807 filius
2036 2758 2097 2805 iii.
2137 2762 2215 2807 12.
2254 2759 2429 2810 Xerxis

1441 2837 1499 2870 ex
1537 2830 1729 2885 utroque
1760 2830 1946 2887 parente
1972 2838 2217 2887 germanus
2257 2826 2335 2873 vii.
2380 2832 2429 2877 ’1.

1438 2904 1473 2935 η
1501 2891 1699 3015 ἕένῖὲί
1716 2968 1886 3014 praeses
1905 2952 1981 2999 vii.
2004 2953 2051 3003 7.
2374 3008 2386 3018 ,

1502 3018 1793 3081 AEgyptiacae
1856 3018 1989 3069 classi
2052 3018 2292 3081 praefectus
2346 3022 2428 3071 vii.

1399 3106 1406 3115 κ
1440 3083 1517 3127 97.
1534 3084 1701 3129 bonum
1724 3083 1959 3130 consilium
1982 3082 2220 3133 Demarati
2246 3088 2430 3137 invertit

1438 3146 1517 3193 vii.
1552 3150 1662 3195 236.
1700 3148 1832 3210 periit
1870 3148 1917 3193 in
1954 3147 2255 3212 AEgypto‘ab
2290 3150 2427 3201 lnaro

1438 3211 1702 3261 interfectus
1722 3214 1783 3259 iii.
1817 3216 1891 3259 12.
1908 3213 1985 3259 vii·
2004 3216 2049 3263 7.

1376 3275 1679 3324 Achaemenes
1716 3279 1858 3331 alim,
1900 3276 2084 3341 Teispei
2124 3286 2265 3341 pater,
2312 3290 2437 3341 avus·

1442 3339 1683 3403 cambysis
1701 3342 1779 3389 vii.
1815 3346 1883 3389 11.
1919 3352 2075 3390 auctor
2096 3344 2237 3409 regiae
2273 3346 2425 3411 stirpis
2450 3386 2461 3396 ,

1439 3421 1521 3467 per
1543 3406 1737 3454 Darium
1758 3407 1835 3455 vii.
1864 3410 1936 3455 11.
1957 3424 2009 3455 π.

1375 3470 1795 3521 Aehaemenidarum
1851 3470 2018 3521 familia
2076 3473 2349 3523 nobilissima
2392 3478 2425 3525 i.

1446 3542 1550 3584 125.
1572 3554 1619 3584 η.
1644 3544 1703 3583 ex
1740 3552 1828 3599 qua
1848 3553 1980 3599 reges
2003 3536 2203 3587 Persidae
2222 3556 2421 3603 progna·
2514 3594 2529 3607 ,

1438 3601 1475 3648 ti
1514 3602 1625 3649 ibid.
1650 3618 1731 3649 eos
1766 3603 1963 3650 moriens
2008 3600 2259 3665 Cambyses
2296 3608 2423 3653 obte-

1438 3674 1599 3726 status,
1650 3682 1709 3715 ne
1764 3668 2003 3731 imperium
2034 3669 2321 3717 demitterent
2357 3670 2419 3717 iii.

1373 3795 1561 3851 Achaia,
1584 3800 1606 3849 ἡ
1630 3796 1818 3861 Ἀχααη,
1849 3798 1939 3845 vm.
1966 3795 2045 3845 36.
2078 3798 2254 3845 Achaia
2274 3785 2421 3847 'rhei-

1439 3861 1563 3909 saliae
1586 3861 1715 3925 (quae
1732 3864 1853 3909 alias
1877 3860 2125 3923 Phthiotis)
2150 3863 2225 3909 vii.
2258 3867 2367 3913 173.

1372 3923 1605 3973 Achaicus
1658 3927 1866 3988 populus,
1934 3927 1983 3971 τὸ
2035 3925 2237 3987 Ἀχαϊκὸν
2291 3926 2421 3987 ἔθνος,

1442 3990 1757 4053 Peloponneso
1796 4006 1887 4037 non
1930 4004 2140 4053 egressus
2168 3990 2262 4039 viii.
2291 3995 2369 4041 ³73.

1376 4055 1611 4103 Achelous
1634 4055 1797 4101 fluvius
1819 4055 1863 4101 ii.
1888 4058 1962 4101 10.
1986 4055 2063 4101 vii.
2091 4058 2199 4102 196.

1376 4119 1591 4167 Acheron
1613 4119 1779 4166 fluvius
1802 4134 1844 4166 v.
1880 4124 1957 4167 92.
1980 4125 2027 4167 7.
2048 4118 2144 4166 viii.
2159 4120 2239 4167 47.

1376 4187 1628 4234 Achilleius
1665 4192 1849 4239 cursus:
1879 4187 1898 4230 ὁ
1934 4184 2193 4247 Ἀχιλλήϊος
2241 4184 2427 4247 Δρὸμος,

1442 4251 1568 4298 locus
1592 4250 1655 4296 sic
1679 4250 1825 4297 dictus
1844 4250 1905 4295 iv.
1928 4251 2008 4296 55.
2034 4250 2115 4295 76.
2427 4264 2438 4270 -

1379 4313 1651 4369 Achillam),
1675 4316 1945 4377 Ἀχιλλῆἲον,
1963 4312 2175 4377 oppidum
2196 4328 2336 4379 prope
2353 4312 2426 4363 Si·

1446 4396 1586 4445 geum
1606 4396 1651 4429 v.
1674 4380 1753 4433 94.
1770 4394 1821 4427 n.
