2850 4792
426 152 494 232 64¹

427 312 696 361 Bucolicum
719 312 883 361 ostium
905 308 1004 359 Nili
1021 308 1236 359 effossum
1258 309 1305 357 ii.
1333 312 1407 359 17.

428 376 581 432 Budii,
605 376 848 425 Medorum
870 376 1036 439 gensi.
1064 381 1171 424 101.
1323 422 1330 433 ,

427 442 596 491 Budini
619 443 810 505 populus
832 441 891 488 iv.
917 444 998 487 91.
1023 444 1128 489 108.
1155 456 1311 489 eorum
1335 458 1486 491 mores

492 516 579 555 etc.
599 508 704 555 urbs
727 506 934 553 Gelonus
957 506 1018 551 iv.
1043 510 1154 554 108.

426 572 572 626 Baiis,
611 571 848 634 spartian,
889 570 1068 618 Nicolai
1123 568 1203 626 fil„
1261 570 1394 619 offert
1436 588 1487 622 se

489 647 652 701 sponte
685 636 740 696 ad
778 634 1008 697 Talthybii
1045 636 1156 683 iram
1199 636 1483 700 placandam,

489 718 579 750 una
611 716 715 748 cum
757 698 988 763 δραι-1111113
1025 708 1250 749 eteorum
1273 711 1375 749 acta
1405 703 1483 751 vii.

495 768 771 815 134-137.
1425 764 1429 771 ’

425 830 569 887 Bura,
593 832 870 879 thaeorum
895 846 999 895 opp.
1021 831 1053 878 i.
1080 833 1189 880 145.

425 894 582 949 Busae.
606 896 852 944 Medorum
875 910 992 959 gens
1013 897 1043 943 i.
1072 901 1180 945 101.

424 958 618 1017 Busiris,
652 961 758 1008 urbs
790 960 988 1023 AEgypti
1019 960 1064 1007 ii.
1089 965 1169 1012 59.
1192 965 1272 1011 61.
1307 960 1487 1011 Busiri-

491 1035 595 1075 tana
615 1025 884 1089 praefectura
908 1026 950 1072 ii.
987 1027 1076 1073 165
1345 1080 1351 1088 ¹

423 1091 682 1145 Butacides,
699 1089 981 1148 Crotoniata‚
1001 1088 1196 1153 Philippi
1207 1099 1334 1155 pater
1347 1108 1389 1140 v.
1407 1097 1487 1143 47.

424 1154 566 1211 Buto,
590 1157 695 1204 urbs
712 1156 926 1219 AEgypti,
949 1156 1022 1203 ubi
1038 1157 1269 1205 oraculum
1290 1156 1485 1206 Latona

367 1220 370 1229 '
488 1222 520 1269 ἰί
559 1225 640 1271 59.
670 1225 748 1269 6‘3.
776 1226 881 1271 155.

422 1284 646 1349 Bybassia
675 1286 852 1351 penins-
882 1287 930 1333 in
966 1282 1236 1335 Cnidiorum
1268 1285 1435 1337 fluibus
1457 1288 1488 1336 i.

423 1414 613 1479 Byblos,
645 1418 678 1463 i.
713 1432 752 1466 e.
797 1412 1007 1478 Papyrus
1051 1416 1371 1479 AEgyptincus,
1404 1418 1485 1466 de.

488 1482 697 1531 scribitur
710 1484 756 1530 ii.
773 1485 852 1530 92.
871 1482 932 1544 ej:
952 1488 1047 1529 not.
1054 1498 1107 1544 p.
1121 1485 1235 1529 315.
1253 1483 1485 1531 Herodoti

484 1552 624 1595 atate
645 1546 833 1607 βύβλοι,
850 1548 884 1591 i.
900 1560 942 1592 c.
956 1546 1056 1595 libri
1073 1548 1310 1609 papyracei
1335 1550 1485 1595 maxi-

485 1628 562 1659 me
594 1612 642 1658 in
675 1627 760 1658 usu
795 1628 838 1658 v.
863 1614 943 1657 58.
961 1612 1072 1659 adn.
1093 1630 1143 1672 p.
1169 1616 1246 1659 55.
1281 1610 1481 1672 βύβλινα.

485 1681 617 1732 ὅπλα,
653 1677 867 1725 rudentes
902 1690 961 1724 ex
993 1678 1131 1739 byblo
1167 1678 1240 1724 vii.
1281 1680 1360 1726 25.
1383 1683 1481 1725 not.

486 1749 534 1789 et
553 1757 592 1788 o.
617 1744 698 1789 86.

421 1805 624 1871 Byssina
657 1807 848 1856 sindone
879 1808 1069 1855 vulnera
1103 1807 1362 1869 obligantur
1397 1802 1479 1852 vii.

421 1936 704 2001 Byzantium
738 1938 794 1985 ab
816 1935 967 1985 Otane
999 1944 1180 1998 captum
1203 1952 1250 1983 v.
1275 1936 1354 1982 26.
1376 1936 1483 1983 urbs

485 2002 646 2063 iniquo
675 2001 779 2048 loco
792 2001 972 2049 condita
991 2002 1054 2048 iv.
1087 2004 1190 2048 ⁸44.
1213 2002 1271 2047 ab
1292 1998 1485 2048 Ionibus

487 2081 618 2115 suum
644 2067 728 2114 sub
747 2068 1012 2131 obsequium
1037 2064 1216 2114 redacta
1239 2081 1281 2113 v.
1311 2069 1423 2115 103.

853 2194 984 2263 xc,

423 2326 630 2381 Cabales,
655 2341 772 2390 gens
795 2326 969 2375 Africae
993 2327 1053 2375 iv.
1079 2328 1189 2376 171.

423 2392 611 2443 Cabalii.
641 2392 835 2455 populus
862 2392 923 2439 iii.
948 2398 1026 2441 90.

422 2456 696 2508 Cabelenses
731 2456 963 2513 Maemes,
993 2457 1211 2513 καὲηλέες
1234 2460 1272 2504 ot
1296 2454 1483 2512 Μηῗονες,

483 2522 560 2585 qui
581 2531 629 2569 et
652 2521 859 2576 Lasonii‚
883 2537 985 2569 cum
1021 2521 1183 2567 Xerxe
1213 2520 1479 2577 militantes,

485 2596 532 2635 et
553 2604 710 2638 eorum
734 2597 960 2636 armatura
984 2594 1031 2633 et
1053 2586 1144 2633 dux
1169 2586 1246 2633 vii.
1271 2586 1349 2635 77.

422 2650 686 2703 Cabirorum
723 2668 849 2711 sacra
881 2654 926 2699 ii.
957 2657 1034 2699 51.
1069 2664 1225 2698 eorum
1259 2650 1479 2711 templum

486 2715 738 2781 Cambyses
761 2718 968 2781 profanat
991 2716 1053 2763 iii.
1076 2720 1154 2763 37.

420 2780 629 2833 Cadaver
661 2784 892 2831 Amasidis
923 2774 1139 2829 laniatum
1161 2780 1222 2827 iii.
1251 2782 1323 2827 16.
1347 2779 1481 2827 cada-

479 2841 638 2896 v¹erum
662 2848 1012 2896 condiendorum
1044 2847 1158 2892 ratio
1181 2845 1298 2907 apud
1321 2844 1480 2907 AEgy-

481 2915 602 2980 ptios
645 2914 692 2961 ii.
737 2918 856 2961 86-
868 2916 944 2960 88.
979 2910 1196 2958 cadavera
1237 2918 1476 2972 parentum

483 2979 729 3026 comedunt
753 2975 945 3025 Calatiae
961 2975 1064 3022 Indi
1081 2976 1140 3022 iii.
1157 2978 1235 3021 38.
1254 2984 1298 3022 et
1321 2974 1476 3023 Padaei

481 3043 544 3090 iii.
568 3048 644 3091 99.
672 3044 890 3091 cadavera
909 3042 1026 3103 apud
1062 3040 1256 3088 Graecos
1286 3041 1473 3087 combu-

481 3114 644 3155 runtur
665 3108 727 3154 iii.
751 3112 828 3153 38.
851 3107 1042 3155 cadaver
1073 3106 1182 3167 igne
1213 3106 1479 3153 comburere

482 3182 530 3221 et
555 3172 708 3220 Persis
729 3180 775 3220 et
797 3172 1036 3235 AEgyptiis
1070 3170 1196 3219 nefas
1219 3180 1287 3217 est
1311 3172 1372 3217 iii.
1402 3176 1475 3219 16.

481 3240 540 3288 ab
560 3254 645 3285 ave
666 3246 742 3285 aut
765 3254 878 3286 cane
901 3238 1123 3299 discerpta
1156 3236 1272 3298 apud
1309 3234 1477 3286 Persas

481 3312 604 3353 terra
633 3304 888 3351 conduntur
907 3303 937 3350 i.
969 3307 1071 3350 140.
1093 3302 1211 3365 apud
1234 3301 1477 3366 AEthiopes

481 3372 600 3417 vitro
645 3368 920 3415 circumdata
961 3368 1024 3414 iii.
1069 3370 1147 3415 24.
1185 3368 1384 3414 int-erata
1427 3376 1476 3415 et

481 3434 693 3497 plaustris
726 3434 1030 3499 circumvecta
1050 3432 1168 3496 apud
1193 3432 1390 3496 Scythas
1411 3433 1474 3481 iv.

485 3502 692 3549 71-78.
1446 3534 1457 3539 -

547 3561 749 3611 cadaver
763 3560 945 3609 Orestis
972 3569 1144 3623 septem
1167 3562 1420 3609 cubitorum
1446 3563 1475 3610 i.

467 3626 562 3679 ¹68.
581 3643 630 3675 n.

417 3689 619 3741 Cadmea
641 3690 830 3739 victoria
844 3690 1226 3753 (proverbialiter
1244 3692 1313 3737 ita
1327 3692 1473 3751 dicta,

481 3760 543 3819 ‹57‘2
564 3756 696 3817 adn.)
732 3755 1088 3803 Pbocaeensibus
1121 3755 1284 3819 obtigit
1307 3756 1338 3803 i.
1367 3758 1475 3805 166.

417 3822 634 3872 Cadmeae
655 3822 818 3870 litterae
839 3837 884 3869 v.
909 3824 988 3869 59.

417 3886 608 3938 Cadmei
641 3888 671 3936 i.
713 3892 816 3935 146.
849 3884 1074 3950 Pelasgos
1112 3886 1298 3950 ejiciunt
1329 3886 1360 3933 ἰ.
1391 3888 1475 3935 56.

377 3988 381 3993 -
481 3952 668 4003 Cadmei
693 3954 749 4001 ab
781 3952 1134 4015 Argivis.ejecti
1157 3967 1202 3999 v.
1225 3953 1304 3999 57.
1326 3956 1405 3999 61.
1425 3952 1475 4000 in

478 4036 559 4067 eos
580 4019 808 4081 expeditio
833 4017 1184 4065 Atheniensium
1211 4017 1272 4065 ix.
1297 4018 1378 4065 27.

416 4080 636 4136 Cadmus.
673 4084 904 4146 Agenoris
934 4083 996 4131 fil.
1029 4084 1089 4131 iv.
1129 4085 1235 4133 147.
1259 4098 1303 4129 v.
1329 4084 1406 4131 58.
1429 4090 1476 4131 et

479 4154 557 4199 59.
593 4149 796 4198 Semeles
827 4155 956 4211 pater
987 4148 1034 4195 ii.
1067 4151 1147 4197 45.
1181 4147 1237 4195 ad
1271 4147 1475 4195 Ther-am

416 4282 634 4401 Oaxus,
662 4340 806 4402 Cous,
833 4342 1020 4409 Scythae
1031 4344 1110 4400 fil„
1129 4346 1267 4395 homo
1279 4343 1477 4409 justitiae

424 4478 428 4485 Ι
479 4407 708 4454 amantiss.
731 4408 806 4455 vti.
835 4408 941 4457 168.
971 4410 1075 4457 164.

479 4214 718 4276 adpellitur
740 4212 802 4261 iv.
833 4218 936 4263 147.
958 4212 1085 4261 venit
1105 4215 1152 4261 in
1176 4212 1406 4261 Boeotiam
1429 4214 1477 4263 il.

1263 171 1495 230 murex
1518 160 1773 227 RERUM

1558 308 1763 372 Cadytiz,
1800 322 1967 373 magna
1998 312 2145 371 Syriae
2181 314 2285 360 urbs
2306 313 2350 361 ii.
2378 318 2485 363 159.
2518 332 2612 363 non

1521 376 1538 396 ⁵'
1618 376 1769 423 minor
1799 390 1932 435 quam
1969 374 2160 436 Sardes3
2194 393 2223 425 a
2244 376 2379 425 Neco
2400 396 2509 443 rege
2529 396 2618 427 ex-

1556 443 1972 574 Οὲιτίῗίἓέῐέἓέξοὸη.
1988 522 2032 553 v.
2054 509 2133 554 92.
2159 508 2210 569 §.
2236 510 2282 555 2.

1554 565 1720 617 Caicus
1740 570 1787 620 fl.
1810 570 1890 617 vii.
1914 574 1992 617 ⁴2.
2018 568 2184 619 Caicus
2206 572 2411 637 cam’pus,
2430 577 2611 624 ’Κᾶἳκον

1617 637 1776 703 πεδίου,
1804 633 2051 695 Mysorum
2074 640 2133 686 vi.
2156 643 2235 687 28.

1554 696 1741 747 Calacta
1788 701 1937 759 (Καλὴ
1983 700 2133 755 ’Aur-32,
2181 705 2213 752 i.
2260 718 2298 750 e.
2333 704 2611 751 Pulchrum

1618 763 1777 826 littus)
1814 764 1861 811 in
1902 763 2073 826 Sicilia,
2110 766 2379 830 Tyrrheniae
2420 768 2614 817 obversa

1616 829 1679 875 vi.
1698 834 1762 876 22
1784 842 1877 891 seq.

1555 890 1747 947 Colarni,
1770 893 1899 955 locus
1922 895 2087 943 Samiae
2110 904 2243 945 terrae
2266 898 2327 945 ix.
2353 900 2432 946 96.

1555 956 1859 1031 Calamintlig
1902 974 2007 1022 opp.
2054 963 2221 1025 Libyco
2264 978 2323 1011 ea·
2366 963 2611 1011 Herodoto

1618 1027 1909 1071 memoratur
1928 1028 2057 1086 opud
2077 1026 2233 1091 steph.
2258 1027 2383 1089 Byz.

1556 1086 1780 1137 Calantiae
1807 1087 1907 1135 indi
1928 1091 1991 1137 iil.
2016 1096 2096 1139 97.
2120 1094 2226 1140 vide
2250 1091 2456 1141 Calatiae.

1556 1152 1812 1209 Conantes,
1834 1154 2044 1220 AEgyptii
2078 1169 2355 1221 pugnatores
2376 1158 2422 1205 ii.
2454 1160 2615 1205 164-

1621 1220 1729 1267 168.
1751 1220 1813 1266 ix.
1835 1224 1913 1269 32.
1932 1221 2069 1267 solam
2096 1238 2189 1268 rem
2214 1222 2451 1269 militarem
2476 1236 2609 1269 exet-

1616 1292 1722 1330 cent
1742 1284 1787 1330 ii.
1817 1288 1924 1335 166.
1940 1302 2095 1333 eorum
2119 1288 2389 1349 stipendium
2411 1295 2459 1337 et
2482 1302 2611 1333 com-

1614 1348 1749 1396 moda
1770 1348 1815 1397 ii.
1847 1354 1935 1398 168
1977 1361 2201 1399 armatura
2225 1352 2300 1400 vii.
2324 1358 2403 1400 89.
2426 1352 2555 1414 (coll.
2582 1352 2612 1398 i.

1623 1418 1728 1462 135.
1750 1414 1811 1460 iv.
1846 1414 1973 1477 180.)
1997 1418 2059 1463 ix.
2082 1422 2162 1465 3-2.
2188 1416 2461 1466 Calasirium
2484 1418 2611 1465 nomi

1553 1478 1957 1601 αἷὲέῗῖῗῗὲἓὲῗ
1967 1486 2144 1593 1ξέῗέ
2147 1516 2199 1593 3..
2224 1550 2305 1595 ει.

1550 1605 1742 1657 Calatiae
1767 1608 1869 1657 Indi
1896 1612 2150 1673 parentibus
2174 1620 2420 1659 vescuntur
2442 1612 2505 1661 iii.
2527 1616 2607 1662 38.

1614 1680 1665 1720 at
1685 1688 1785 1735 cap.
1808 1681 1888 1723 97.
1912 1684 2139 1723 vocantur
2164 1674 2401 1725 Calantiae.

1552 1735 1745 1795 Calchas
1776 1740 1853 1787 vii.
1878 1746 1957 1790 91.

1552 1800 1857 1853 Calchedonis
1890 1807 1951 1853 iv.
1996 1810 2074 1853 85.
2120 1803 2415 1854 Calchedonii
2450 1824 2495 1855 v.
2528 1808 2608 1854 26.

1619 1870 1713 1915 vid.
1751 1868 2057 1925 Chalcedonii,
2080 1878 2126 1919 et
2148 1874 2210 1935 qs.
2243 1871 2349 1919 Var.
2385 1874 2520 1919 Lect.
2554 1874 2614 1918 ad

1616 1934 1677 1981 iv.
1706 1938 1811 1983 144.

1556 1995 1847 2047 calculorum
1883 2001 2015 2047 ludus
2037 2001 2248 2049 inventus
2265 2017 2290 2048 a
2313 2000 2515 2067 Lydisui.
2538 2005 2618 2051 94.

1552 2060 1826 2117 Callatebus.
1850 2068 1956 2113 urbs
1979 2064 2143 2125 Lydiae
2166 2067 2241 2114 vii.
2266 2070 2346 2115 81.

1554 2125 1797 2185 Calliades‚
1822 2132 1989 2178 archon
2012 2131 2189 2177 Athen.
2212 2133 2305 2178 viii.
2336 2136 2415 2181 51.
2634 2178 2639 2184 ,

1554 2191 1740 2250 Callias,
1794 2195 1955 2252 Eleus,
2002 2210 2059 2241 ex
2107 2192 2383 2245 Iamidarum
2430 2196 2612 2249 familia,

1616 2261 1839 2307 vaticinus
1860 2277 1906 2307 v.
1931 2264 2014 2309 44.
2037 2263 2116 2308 45.
2212 2288 2217 2293 ·
2272 2307 2275 2310 .

1553 2322 1737 2382 Callias,
1787 2324 2023 2387 Phaenippi
2052 2324 2130 2381 fit,
2180 2324 2451 2387 Hipponici'
2471 2334 2618 2388 pater,

1612 2389 1733 2436 bona
1790 2390 2012 2437 Pisistrati
2056 2392 2254 2439 Athenis
2297 2392 2428 2454 ejecti
2478 2406 2615 2438 ausus

1563 2464 1572 2469 ·
1612 2468 1794 2509 emere:
1830 2454 2007 2503 filiabus
2038 2465 2309 2517 potestatem
2344 2456 2437 2510 dat,
2472 2457 2607 2503 mari-

1612 2514 1709 2565 tum
1744 2520 1842 2574 sibi,
1878 2536 2010 2582 quem
2045 2536 2239 2585 quaeque
2262 2521 2388 2580 velit,
2411 2521 2609 2584 eligendi

1606 2584 1674 2629 vi.
1706 2587 1805 2630 121.
1842 2591 1943 2634 122.
1970 2586 2031 2647 ej:
2053 2593 2218 2648 πεπρ.
2243 2590 2353 2632 240.

1549 2646 1731 2701 Callias.
1767 2647 2015 2713 Hipponici
2044 2649 2123 2705 fil..
2161 2651 2511 2700 Atheniensium
2541 2651 2607 2697 le·

1646 2723 1747 2761 atus
1768 2715 1845 2762 vii.
1873 2719 1980 2762 151.
2512 2718 2520 2729 ’

1549 2775 1619 2826 Ca
1638 2780 1831 2837 licrates,
1867 2780 2055 2843 ejusque
2094 2780 2239 2827 virtus
2270 2787 2320 2827 et
2353 2780 2605 2829 moribundi

1610 2843 1779 2891 dictum
1797 2845 1878 2893 ix.
1914 2848 1993 2892 72.
2042 2847 2140 2908 ejus
2188 2845 2451 2907 sepulcrum
2490 2846 2607 2909 apud

1610 2906 1987 2957 Lacedaemonios
2008 2911 2071 2957 ix.
2098 2914 2175 2958 85.

1548 2971 1871 3033 Callimachus,
1897 2974 2197 3036 Aphidnaeus,
2215 2976 2535 3038 polemarchus
2547 2976 2606 3023 vi.

1616 3045 1719 3085 109.
1747 3040 1844 3101 eJus
1866 3040 2012 3087 virtus
2033 3050 2079 3088 et
2100 3040 2310 3089 interitus
2331 3041 2393 3087 vi.
2425 3048 2439 3088 1
2459 3044 2530 3088 14.

1546 3102 1794 3165 Callipidae.
1837 3107 2032 3167 populus
2088 3106 2318 3167 Scythiae:
2378 3106 2517 3153 iidem
2558 3109 2605 3152 ct

1609 3170 1763 3218 Graeci
1790 3169 1975 3232 Scythae
1997 3172 2059 3217 iv.
2091 3176 2163 3221 17.

1546 3231 1870 3297 Callipolitani‚
1905 3243 2255 3295 Καλλιπολίται,
2279 3235 2325 3282 in
2352 3235 2509 3283 Sicilia
2530 3233 2601 3280 rii.

1614 3304 1718 3347 15⁴1.

1546 3361 1735 3413 Callista
1746 3359 1832 3413 ins.
1845 3363 1999 3413 Thera
2012 3366 2414 3427 posteanominata
2424 3362 2488 3413 iv.
2504 3364 2609 3413 147.

1542 3428 1675 3478 Calvi
1716 3430 1869 3491 populi
1917 3432 1973 3478 ab
2016 3430 2115 3492 ipso
2159 3430 2315 3487 natali,
2360 3432 2604 3489 itidemque

1604 3495 1788 3543 seminae
1822 3496 1965 3543 calvae
1998 3497 2063 3543 iv.
2090 3501 2168 3543 23.
2190 3496 2309 3543 calvi
2341 3494 2604 3558 paucissimi

1609 3561 1725 3623 apud
1749 3560 2019 3622 AEgypfios,
2044 3568 2091 3608 et
2112 3576 2201 3621 qua
2222 3576 2361 3608 causa
2382 3561 2445 3606 iii.
2476 3561 2551 3606 12.

1546 3623 1787 3674 Calumnia
1821 3626 1941 3673 unde
1961 3627 2008 3672 in
2032 3626 2147 3675 aulis
2172 3626 2235 3673 iii.
2258 3632 2337 3675 80.
2374 3627 2474 3689 ejus
2502 3639 2607 3687 pro·

1608 3692 1705 3753 pria
1728 3691 1805 3737 vii.
1836 3698 1905 3737 111.
1926 3690 1977 3753 §.
2005 3693 2051 3741 7.
2450 3687 2455 3697 “

1545 3752 1758 3818 Calydnii
1780 3770 1884 3817 pop.
1908 3756 1985 3804 vii.
2007 3760 2086 3804 99.

1546 3819 1878 3884 Calyndenses,
1903 3824 1938 3869 oi
1962 3820 2196 3877 καλυνδέις
2211 3838 2225 3867 =
2254 3818 2415 3867 eoi-um
2438 3832 2541 3875 rex,
2559 3822 2607 3864 et

1613 3888 1749 3933 navis
1767 3887 1823 3933 ab
1848 3885 2097 3933 Artemisia
2120 3885 2325 3933 demersa
2348 3886 2443 3932 viii.
2468 3886 2546 3934 87.

1546 3948 1785 4015 Calyndici
1804 3958 1992 4001 ,montes
2015 3948 2165 3999 Cariae
2187 3952 2217 3998 i.
2249 3956 2357 4001 172.

1545 4015 1806 4071 Camarina,
1881 4016 2109 4078 quondam
2190 4016 2601 4079 Syracusanorum,

1610 4081 1881 4145 Hippocrati
1926 4081 2091 4130 tradita
2132 4080 2211 4129 vii.
2244 4082 2357 4131 154.
2388 4092 2552 4129 eversa
2579 4090 2608 4124 a

1612 4149 1794 4197 Gelone
1814 4147 1893 4194 vii.
1922 4147 2029 4195 156.
2309 4182 2314 4195 ,

1547 4210 1817 4275 Cambyses.
1864 4209 1978 4275 Cyri
2010 4218 2139 4274 pater
2170 4211 2202 4259 i.
2235 4213 2319 4260 46.
2338 4214 2464 4261 ’107.
2504 4210 2610 4256 1¹2·

1611 4281 1723 4327 207.
1746 4278 1825 4325 vii.
1853 4282 1869 4325 1
1890 4283 1927 4325 1.
1948 4276 1992 4325 ei
2013 4278 2061 4324 in
2082 4277 2422 4326 matrimonium
2445 4272 2609 4323 tradita

1608 4344 1703 4391 filia
1724 4342 1946 4405 Astyagis
1964 4344 1996 4391 i.
2026 4346 2129 4393 107.

1547 4405 1829 4471 Canarsxs,
1850 4406 1979 4457 Pers.
1994 4422 2089 4467 rex,
2109 4406 2223 4471 Cyri
2236 4415 2283 4459 et
2297 4406 2609 4459 Cassandanae
